<?xml version="1.0" encoding="UTF-8"?>
<!DOCTYPE html PUBLIC "-//W3C//DTD XHTML 1.0 Transitional//EN"
    "http://www.w3.org/TR/xhtml1/DTD/xhtml1-transitional.dtd">
<html xmlns="http://www.w3.org/1999/xhtml" xml:lang="en" lang="en">
 <head>
  <title>
</title>
<meta http-equiv="Content-Type" content="text/html;charset=utf-8" />
  <meta name='ocr-system' content='tesseract 3.04.00' />
  <meta name='ocr-capabilities' content='ocr_page ocr_carea ocr_par ocr_line ocrx_word'/>
</head>
<body>
  <div class='ocr_page' id='page_1' title='image "./descriptioneste00toblgoog_0274.png"; bbox 0 0 3368 4650; ppageno 0'>
   <div class='ocr_carea' id='block_1_1' title="bbox 332 463 400 532">
    <p class='ocr_par' dir='ltr' id='par_1_1' title="bbox 332 463 400 532">
     <span class='ocr_line' id='line_1_1' title="bbox 332 463 400 532; baseline 0 0"><span class='ocrx_word' id='word_1_1' title='bbox 332 463 400 532; x_wconf 77' lang='lat' dir='ltr'><strong>nol</strong></span> 
     </span>
    </p>
   </div>
   <div class='ocr_carea' id='block_1_2' title="bbox 179 642 1355 1544">
    <p class='ocr_par' dir='ltr' id='par_1_2' title="bbox 179 642 1355 1544">
     <span class='ocr_line' id='line_1_2' title="bbox 336 642 1355 736; baseline -0.007 -6"><span class='ocrx_word' id='word_1_2' title='bbox 336 656 457 732; x_wconf 88' lang='lat' dir='ltr'><strong>tudine</strong></span> <span class='ocrx_word' id='word_1_3' title='bbox 491 649 559 722; x_wconf 91' lang='lat' dir='ltr'><strong>duo</strong></span> <span class='ocrx_word' id='word_1_4' title='bbox 590 643 748 717; x_wconf 83' lang='lat' dir='ltr'><strong>milliauia</strong></span> <span class='ocrx_word' id='word_1_5' title='bbox 777 646 853 720; x_wconf 80' lang='lat' dir='ltr'><strong>sive</strong></span> <span class='ocrx_word' id='word_1_6' title='bbox 884 645 1032 722; x_wconf 76' lang='lat' dir='ltr'><strong>sedecim</strong></span> <span class='ocrx_word' id='word_1_7' title='bbox 1067 642 1193 736; x_wconf 88' lang='lat' dir='ltr'><strong>stadia,</strong></span> <span class='ocrx_word' id='word_1_8' title='bbox 1233 645 1355 724; x_wconf 80' lang='lat' dir='ltr'><strong>tertiis</strong></span> 
     </span>
     <span class='ocr_line' id='line_1_3' title="bbox 335 775 1354 872; baseline -0.01 -14"><span class='ocrx_word' id='word_1_9' title='bbox 335 796 404 863; x_wconf 64' lang='lat' dir='ltr'><strong>mm</strong></span> <span class='ocrx_word' id='word_1_10' title='bbox 432 778 586 871; x_wconf 74' lang='lat' dir='ltr'><strong>inugris,</strong></span> <span class='ocrx_word' id='word_1_11' title='bbox 615 794 715 868; x_wconf 79' lang='lat' dir='ltr'><strong>quum</strong></span> <span class='ocrx_word' id='word_1_12' title='bbox 740 775 777 848; x_wconf 89' lang='lat' dir='ltr'><strong>in</strong></span> <span class='ocrx_word' id='word_1_13' title='bbox 803 776 923 852; x_wconf 86' lang='lat' dir='ltr'><strong>bortis.</strong></span> <span class='ocrx_word' id='word_1_14' title='bbox 959 777 1039 872; x_wconf 90' lang='lat' dir='ltr'><strong>Ipsa</strong></span> <span class='ocrx_word' id='word_1_15' title='bbox 1063 777 1155 851; x_wconf 93' lang='lat' dir='ltr'><strong>enim</strong></span> <span class='ocrx_word' id='word_1_16' title='bbox 1181 797 1354 871; x_wconf 81' lang='lat' dir='ltr'><strong>nunquam</strong></span> 
     </span>
     <span class='ocr_line' id='line_1_4' title="bbox 335 906 1352 1007; baseline -0.014 -12"><span class='ocrx_word' id='word_1_17' title='bbox 335 920 403 995; x_wconf 85' lang='lat' dir='ltr'><strong>fuit</strong></span> <span class='ocrx_word' id='word_1_18' title='bbox 431 914 475 989; x_wconf 93' lang='lat' dir='ltr'><strong>de</strong></span> <span class='ocrx_word' id='word_1_19' title='bbox 502 910 611 986; x_wconf 87' lang='lat' dir='ltr'><strong>Terra</strong></span> <span class='ocrx_word' id='word_1_20' title='bbox 634 906 771 1000; x_wconf 79' lang='lat' dir='ltr'><strong>Sancta,</strong></span> <span class='ocrx_word' id='word_1_21' title='bbox 810 928 876 983; x_wconf 89' lang='lat' dir='ltr'><strong>nee</strong></span> <span class='ocrx_word' id='word_1_22' title='bbox 900 930 924 982; x_wconf 91' lang='lat' dir='ltr'><strong>a</strong></span> <span class='ocrx_word' id='word_1_23' title='bbox 948 908 1027 985; x_wconf 88' lang='lat' dir='ltr'><strong>liliis</strong></span> <span class='ocrx_word' id='word_1_24' title='bbox 1052 908 1162 984; x_wconf 87' lang='lat' dir='ltr'><strong>lsrael</strong></span> <span class='ocrx_word' id='word_1_25' title='bbox 1186 931 1352 1007; x_wconf 54' lang='lat' dir='ltr'><strong>pow</strong></span> 
     </span>
     <span class='ocr_line' id='line_1_5' title="bbox 179 1013 1352 1128; baseline -0.006 2"><span class='ocrx_word' id='word_1_26' title='bbox 179 1013 189 1038; x_wconf 46' lang='grc' dir='ltr'><em>Ι</em></span> <span class='ocrx_word' id='word_1_27' title='bbox 321 1054 417 1128; x_wconf 80' lang='lat' dir='ltr'><strong>&#39;lieet</strong></span> <span class='ocrx_word' id='word_1_28' title='bbox 450 1044 553 1123; x_wconf 88' lang='lat' dir='ltr'><strong>tribui</strong></span> <span class='ocrx_word' id='word_1_29' title='bbox 583 1040 673 1116; x_wconf 80' lang='lat' dir='ltr'><strong>Aser</strong></span> <span class='ocrx_word' id='word_1_30' title='bbox 708 1041 745 1115; x_wconf 93' lang='lat' dir='ltr'><strong>in</strong></span> <span class='ocrx_word' id='word_1_31' title='bbox 777 1040 1013 1119; x_wconf 87' lang='lat' dir='ltr'><strong>distnibutiono</strong></span> <span class='ocrx_word' id='word_1_32' title='bbox 1045 1044 1176 1120; x_wconf 85' lang='lat' dir='ltr'><strong>&#39;lernae</strong></span> <span class='ocrx_word' id='word_1_33' title='bbox 1209 1043 1352 1125; x_wconf 66' lang='lat' dir='ltr'><strong>Sandae</strong></span> 
     </span>
     <span class='ocr_line' id='line_1_6' title="bbox 334 1172 1352 1273; baseline -0.005 -11"><span class='ocrx_word' id='word_1_34' title='bbox 334 1184 441 1262; x_wconf 80' lang='lat' dir='ltr'><strong>uaria</strong></span> <span class='ocrx_word' id='word_1_35' title='bbox 467 1179 647 1270; x_wconf 76' lang='lat' dir='ltr'><strong>assignata</strong></span> <span class='ocrx_word' id='word_1_36' title='bbox 700 1172 783 1248; x_wconf 85' lang='lat' dir='ltr'><strong>Fuit</strong></span> <span class='ocrx_word' id='word_1_37' title='bbox 809 1175 902 1249; x_wconf 87' lang='lat' dir='ltr'><strong>enim</strong></span> <span class='ocrx_word' id='word_1_38' title='bbox 927 1199 996 1253; x_wconf 90' lang='lat' dir='ltr'><strong>una</strong></span> <span class='ocrx_word' id='word_1_39' title='bbox 1021 1178 1065 1254; x_wconf 90' lang='lat' dir='ltr'><strong>de</strong></span> <span class='ocrx_word' id='word_1_40' title='bbox 1092 1180 1242 1273; x_wconf 87' lang='lat' dir='ltr'><strong>quinque</strong></span> <span class='ocrx_word' id='word_1_41' title='bbox 1267 1181 1352 1258; x_wconf 81' lang='lat' dir='ltr'><strong>eivi-</strong></span> 
     </span>
     <span class='ocr_line' id='line_1_7' title="bbox 335 1296 1353 1410; baseline -0.001 -16"><span class='ocrx_word' id='word_1_42' title='bbox 335 1317 462 1394; x_wconf 82' lang='lat' dir='ltr'><strong>tatbns</strong></span> <span class='ocrx_word' id='word_1_43' title='bbox 488 1309 744 1406; x_wconf 84' lang='lat' dir='ltr'><strong>philistinorum,</strong></span> <span class='ocrx_word' id='word_1_44' title='bbox 769 1308 873 1402; x_wconf 78' lang='lat' dir='ltr'><strong>Juxta</strong></span> <span class='ocrx_word' id='word_1_45' title='bbox 897 1296 993 1388; x_wconf 74' lang='lat' dir='ltr'><strong>mar&#39;e</strong></span> <span class='ocrx_word' id='word_1_46' title='bbox 1019 1314 1097 1408; x_wconf 83' lang='lat' dir='ltr'><strong>sito,</strong></span> <span class='ocrx_word' id='word_1_47' title='bbox 1132 1314 1226 1389; x_wconf 86' lang='lat' dir='ltr'><strong>eirca</strong></span> <span class='ocrx_word' id='word_1_48' title='bbox 1252 1337 1353 1410; x_wconf 87' lang='lat' dir='ltr'><strong>quam</strong></span> 
     </span>
     <span class='ocr_line' id='line_1_8' title="bbox 333 1441 1355 1544; baseline -0.002 -22"><span class='ocrx_word' id='word_1_49' title='bbox 333 1450 476 1541; x_wconf 75' lang='lat' dir='ltr'><strong>angelus</strong></span> <span class='ocrx_word' id='word_1_50' title='bbox 495 1442 641 1534; x_wconf 88' lang='lat' dir='ltr'><strong>Domini,</strong></span> <span class='ocrx_word' id='word_1_51' title='bbox 663 1441 841 1519; x_wconf 86' lang='lat' dir='ltr'><strong>inveniens</strong></span> <span class='ocrx_word' id='word_1_52' title='bbox 859 1444 1004 1521; x_wconf 82' lang='lat' dir='ltr'><strong>Abaeuls</strong></span> <span class='ocrx_word' id='word_1_53' title='bbox 1030 1451 1226 1542; x_wconf 82' lang='lat' dir='ltr'><strong>portantem</strong></span> <span class='ocrx_word' id='word_1_54' title='bbox 1251 1471 1355 1544; x_wconf 81' lang='lat' dir='ltr'><strong>pran-</strong></span> 
     </span>
    </p>
   </div>
   <div class='ocr_carea' id='block_1_3' title="bbox 245 1577 1354 3807">
    <p class='ocr_par' dir='ltr' id='par_1_3' title="bbox 245 1577 1354 3807">
     <span class='ocr_line' id='line_1_9' title="bbox 333 1577 1353 1678; baseline -0.001 -20"><span class='ocrx_word' id='word_1_55' title='bbox 333 1583 426 1658; x_wconf 90' lang='lat' dir='ltr'><strong>dium</strong></span> <span class='ocrx_word' id='word_1_56' title='bbox 452 1577 671 1670; x_wconf 81' lang='lat' dir='ltr'><strong>messoribus,</strong></span> <span class='ocrx_word' id='word_1_57' title='bbox 699 1577 781 1649; x_wconf 88' lang='lat' dir='ltr'><strong>tulit</strong></span> <span class='ocrx_word' id='word_1_58' title='bbox 807 1577 919 1673; x_wconf 90' lang='lat' dir='ltr'><strong>ipsum</strong></span> <span class='ocrx_word' id='word_1_59' title='bbox 944 1581 981 1654; x_wconf 94' lang='lat' dir='ltr'><strong>in</strong></span> <span class='ocrx_word' id='word_1_60' title='bbox 1007 1579 1236 1678; x_wconf 80' lang='lat' dir='ltr'><strong>Babylonem,</strong></span> <span class='ocrx_word' id='word_1_61' title='bbox 1264 1585 1353 1662; x_wconf 76' lang='lat' dir='ltr'><strong>dont</strong></span> 
     </span>
     <span class='ocr_line' id='line_1_10' title="bbox 245 1708 1354 1815; baseline 0.018 -40"><span class='ocrx_word' id='word_1_62' title='bbox 245 1769 248 1775; x_wconf 90' lang='lat'>.</span> <span class='ocrx_word' id='word_1_63' title='bbox 332 1716 460 1810; x_wconf 79' lang='lat' dir='ltr'><strong>legitur</strong></span> <span class='ocrx_word' id='word_1_64' title='bbox 484 1710 637 1788; x_wconf 77' lang='lat' dir='ltr'><strong>Danielis</strong></span> <span class='ocrx_word' id='word_1_65' title='bbox 666 1712 726 1782; x_wconf 83' lang='lat'><strong>14.</strong></span> <span class='ocrx_word' id='word_1_66' title='bbox 782 1708 918 1785; x_wconf 83' lang='lat' dir='ltr'><strong>Eodem</strong></span> <span class='ocrx_word' id='word_1_67' title='bbox 944 1713 980 1788; x_wconf 93' lang='lat' dir='ltr'><strong>in</strong></span> <span class='ocrx_word' id='word_1_68' title='bbox 1005 1714 1101 1809; x_wconf 88' lang='lat' dir='ltr'><strong>loeo,</strong></span> <span class='ocrx_word' id='word_1_69' title='bbox 1139 1737 1207 1810; x_wconf 87' lang='lat' dir='ltr'><strong>qno</strong></span> <span class='ocrx_word' id='word_1_70' title='bbox 1234 1724 1354 1815; x_wconf 86' lang='lat' dir='ltr'><strong>raptus</strong></span> 
     </span>
     <span class='ocr_line' id='line_1_11' title="bbox 332 1845 1352 1941; baseline 0 -15"><span class='ocrx_word' id='word_1_71' title='bbox 332 1855 411 1926; x_wconf 84' lang='lat' dir='ltr'><strong>erat</strong></span> <span class='ocrx_word' id='word_1_72' title='bbox 443 1848 488 1924; x_wconf 85' lang='lat' dir='ltr'><strong>ab</strong></span> <span class='ocrx_word' id='word_1_73' title='bbox 520 1845 660 1939; x_wconf 76' lang='lat' dir='ltr'><strong>angelo,</strong></span> <span class='ocrx_word' id='word_1_74' title='bbox 692 1849 771 1919; x_wconf 87' lang='lat' dir='ltr'><strong>erat</strong></span> <span class='ocrx_word' id='word_1_75' title='bbox 803 1851 906 1937; x_wconf 79' lang='lat' dir='ltr'><strong>grata</strong></span> <span class='ocrx_word' id='word_1_76' title='bbox 939 1848 1081 1941; x_wconf 83' lang='lat' dir='ltr'><strong>ospella</strong></span> <span class='ocrx_word' id='word_1_77' title='bbox 1141 1850 1199 1924; x_wconf 81' lang='lat' dir='ltr'><strong>Ab</strong></span> <span class='ocrx_word' id='word_1_78' title='bbox 1233 1853 1352 1926; x_wconf 67' lang='lat' dir='ltr'><strong>omem</strong></span> 
     </span>
     <span class='ocr_line' id='line_1_12' title="bbox 332 1978 1352 2073; baseline 0.002 -16"><span class='ocrx_word' id='word_1_79' title='bbox 332 1984 473 2058; x_wconf 83' lang='lat' dir='ltr'><strong>civitate</strong></span> <span class='ocrx_word' id='word_1_80' title='bbox 504 1978 624 2054; x_wconf 73' lang='lat' dir='ltr'><strong>Aetion</strong></span> <span class='ocrx_word' id='word_1_81' title='bbox 663 1983 783 2052; x_wconf 81' lang='lat' dir='ltr'><strong>uontm</strong></span> <span class='ocrx_word' id='word_1_82' title='bbox 815 1980 1010 2073; x_wconf 75' lang='lat' dir='ltr'><strong>aquilonem</strong></span> <span class='ocrx_word' id='word_1_83' title='bbox 1047 1980 1091 2056; x_wconf 92' lang='lat' dir='ltr'><strong>ad</strong></span> <span class='ocrx_word' id='word_1_84' title='bbox 1129 1990 1207 2058; x_wconf 89' lang='lat' dir='ltr'><strong>outo</strong></span> <span class='ocrx_word' id='word_1_85' title='bbox 1239 1983 1352 2059; x_wconf 88' lang='lat' dir='ltr'><strong>leuous</strong></span> 
     </span>
     <span class='ocr_line' id='line_1_13' title="bbox 334 2109 1351 2207; baseline 0 -16"><span class='ocrx_word' id='word_1_86' title='bbox 334 2115 487 2191; x_wconf 80' lang='lat' dir='ltr'><strong>cernitur</strong></span> <span class='ocrx_word' id='word_1_87' title='bbox 518 2113 577 2186; x_wconf 89' lang='lat' dir='ltr'><strong>ille</strong></span> <span class='ocrx_word' id='word_1_88' title='bbox 614 2109 771 2195; x_wconf 77' lang='lat' dir='ltr'><strong>mirificus</strong></span> <span class='ocrx_word' id='word_1_89' title='bbox 808 2119 965 2207; x_wconf 89' lang='lat' dir='ltr'><strong>puteus</strong></span> <span class='ocrx_word' id='word_1_90' title='bbox 997 2135 1199 2207; x_wconf 88' lang='lat' dir='ltr'><strong>aquarum</strong></span> <span class='ocrx_word' id='word_1_91' title='bbox 1233 2117 1351 2192; x_wconf 80' lang='lat' dir='ltr'><strong>viven-</strong></span> 
     </span>
     <span class='ocr_line' id='line_1_14' title="bbox 330 2243 1347 2342; baseline 0 -20"><span class='ocrx_word' id='word_1_92' title='bbox 330 2249 415 2322; x_wconf 89' lang='lat' dir='ltr'><strong>tium</strong></span> <span class='ocrx_word' id='word_1_93' title='bbox 443 2265 561 2320; x_wconf 80' lang='lat' dir='ltr'><strong>veasus</strong></span> <span class='ocrx_word' id='word_1_94' title='bbox 586 2243 723 2337; x_wconf 81' lang='lat' dir='ltr'><strong>Tymm,</strong></span> <span class='ocrx_word' id='word_1_95' title='bbox 751 2249 952 2341; x_wconf 89' lang='lat' dir='ltr'><strong>sumptuoso</strong></span> <span class='ocrx_word' id='word_1_96' title='bbox 987 2267 1092 2342; x_wconf 91' lang='lat' dir='ltr'><strong>opere</strong></span> <span class='ocrx_word' id='word_1_97' title='bbox 1125 2251 1347 2323; x_wconf 89' lang='lat' dir='ltr'><strong>oonstruotus.</strong></span> 
     </span>
     <span class='ocr_line' id='line_1_15' title="bbox 330 2377 1349 2473; baseline 0.002 -19"><span class='ocrx_word' id='word_1_98' title='bbox 330 2379 494 2473; x_wconf 82' lang='lat' dir='ltr'><strong>Quamvis</strong></span> <span class='ocrx_word' id='word_1_99' title='bbox 528 2377 744 2470; x_wconf 75' lang='lat' dir='ltr'><strong>siugulaaiter</strong></span> <span class='ocrx_word' id='word_1_100' title='bbox 775 2378 912 2452; x_wconf 80' lang='lat' dir='ltr'><strong>dioatm</strong></span> <span class='ocrx_word' id='word_1_101' title='bbox 945 2385 1089 2473; x_wconf 90' lang='lat' dir='ltr'><strong>puteus,</strong></span> <span class='ocrx_word' id='word_1_102' title='bbox 1130 2403 1199 2455; x_wconf 92' lang='lat' dir='ltr'><strong>non</strong></span> <span class='ocrx_word' id='word_1_103' title='bbox 1236 2388 1349 2456; x_wconf 63' lang='lat' dir='ltr'><strong>nmen</strong></span> 
     </span>
     <span class='ocr_line' id='line_1_16' title="bbox 329 2510 1349 2606; baseline 0 -19"><span class='ocrx_word' id='word_1_104' title='bbox 329 2536 418 2589; x_wconf 92' lang='lat' dir='ltr'><strong>unus</strong></span> <span class='ocrx_word' id='word_1_105' title='bbox 446 2516 518 2602; x_wconf 88' lang='lat' dir='ltr'><strong>est,</strong></span> <span class='ocrx_word' id='word_1_106' title='bbox 558 2510 620 2584; x_wconf 89' lang='lat' dir='ltr'><strong>sed</strong></span> <span class='ocrx_word' id='word_1_107' title='bbox 651 2515 724 2586; x_wconf 87' lang='lat' dir='ltr'><strong>tres</strong></span> <span class='ocrx_word' id='word_1_108' title='bbox 756 2510 875 2585; x_wconf 86' lang='lat' dir='ltr'><strong>fontes</strong></span> <span class='ocrx_word' id='word_1_109' title='bbox 908 2512 1062 2606; x_wconf 91' lang='lat' dir='ltr'><strong>ejusdem</strong></span> <span class='ocrx_word' id='word_1_110' title='bbox 1088 2519 1284 2589; x_wconf 84' lang='lat' dir='ltr'><strong>stmcturae</strong></span> <span class='ocrx_word' id='word_1_111' title='bbox 1311 2519 1349 2588; x_wconf 89' lang='lat' dir='ltr'><strong>et</strong></span> 
     </span>
     <span class='ocr_line' id='line_1_17' title="bbox 330 2644 1350 2740; baseline -0.002 -18"><span class='ocrx_word' id='word_1_112' title='bbox 330 2645 570 2740; x_wconf 84' lang='lat' dir='ltr'><strong>dispositionis,</strong></span> <span class='ocrx_word' id='word_1_113' title='bbox 598 2645 752 2718; x_wconf 89' lang='lat' dir='ltr'><strong>sednon</strong></span> <span class='ocrx_word' id='word_1_114' title='bbox 781 2644 936 2738; x_wconf 89' lang='lat' dir='ltr'><strong>ejusdem</strong></span> <span class='ocrx_word' id='word_1_115' title='bbox 963 2647 1175 2738; x_wconf 82' lang='lat' dir='ltr'><strong>quantitatis.</strong></span> <span class='ocrx_word' id='word_1_116' title='bbox 1219 2645 1350 2720; x_wconf 89' lang='lat' dir='ltr'><strong>Prinei·</strong></span> 
     </span>
     <span class='ocr_line' id='line_1_18' title="bbox 327 2765 1348 2873; baseline 0 -22"><span class='ocrx_word' id='word_1_117' title='bbox 327 2778 415 2871; x_wconf 89' lang='lat' dir='ltr'><strong>palis</strong></span> <span class='ocrx_word' id='word_1_118' title='bbox 441 2781 554 2851; x_wconf 79' lang='lat' dir='ltr'><strong>tamen</strong></span> <span class='ocrx_word' id='word_1_119' title='bbox 580 2778 653 2852; x_wconf 83' lang='lat' dir='ltr'><strong>fere</strong></span> <span class='ocrx_word' id='word_1_120' title='bbox 679 2779 783 2853; x_wconf 89' lang='lat' dir='ltr'><strong>babet</strong></span> <span class='ocrx_word' id='word_1_121' title='bbox 808 2778 952 2869; x_wconf 79' lang='lat' dir='ltr'><strong>tuigiuta</strong></span> <span class='ocrx_word' id='word_1_122' title='bbox 978 2784 1127 2873; x_wconf 85' lang='lat' dir='ltr'><strong>quatuor</strong></span> <span class='ocrx_word' id='word_1_123' title='bbox 1153 2778 1287 2853; x_wconf 86' lang='lat' dir='ltr'><strong>cubitos</strong></span> <span class='ocrx_word' id='word_1_124' title='bbox 1305 2765 1348 2852; x_wconf 75' lang='lat' dir='ltr'><strong>&#39;in</strong></span> 
     </span>
     <span class='ocr_line' id='line_1_19' title="bbox 328 2909 1347 3003; baseline 0.005 -22"><span class='ocrx_word' id='word_1_125' title='bbox 328 2910 524 3002; x_wconf 78' lang='lat' dir='ltr'><strong>altitudine,</strong></span> <span class='ocrx_word' id='word_1_126' title='bbox 567 2911 625 2984; x_wconf 91' lang='lat' dir='ltr'><strong>alii</strong></span> <span class='ocrx_word' id='word_1_127' title='bbox 657 2911 724 2986; x_wconf 93' lang='lat' dir='ltr'><strong>duo</strong></span> <span class='ocrx_word' id='word_1_128' title='bbox 760 2912 881 3003; x_wconf 80' lang='lat' dir='ltr'><strong>viginti</strong></span> <span class='ocrx_word' id='word_1_129' title='bbox 915 2911 1010 2986; x_wconf 92' lang='lat' dir='ltr'><strong>dnos.</strong></span> <span class='ocrx_word' id='word_1_130' title='bbox 1080 2909 1347 3002; x_wconf 78' lang='lat' dir='ltr'><strong>Quadrangulati</strong></span> 
     </span>
     <span class='ocr_line' id='line_1_20' title="bbox 328 3042 1346 3136; baseline 0.003 -21"><span class='ocrx_word' id='word_1_131' title='bbox 328 3049 406 3115; x_wconf 87' lang='lat' dir='ltr'><strong>sunt</strong></span> <span class='ocrx_word' id='word_1_132' title='bbox 432 3044 539 3117; x_wconf 89' lang='lat' dir='ltr'><strong>muris</strong></span> <span class='ocrx_word' id='word_1_133' title='bbox 564 3042 709 3118; x_wconf 83' lang='lat' dir='ltr'><strong>fortibus</strong></span> <span class='ocrx_word' id='word_1_134' title='bbox 736 3045 779 3118; x_wconf 90' lang='lat' dir='ltr'><strong>de</strong></span> <span class='ocrx_word' id='word_1_135' title='bbox 806 3047 897 3119; x_wconf 82' lang='lat' dir='ltr'><strong>sanis</strong></span> <span class='ocrx_word' id='word_1_136' title='bbox 925 3044 1064 3136; x_wconf 86' lang='lat' dir='ltr'><strong>validis,</strong></span> <span class='ocrx_word' id='word_1_137' title='bbox 1093 3048 1129 3116; x_wconf 94' lang='lat' dir='ltr'><strong>et</strong></span> <span class='ocrx_word' id='word_1_138' title='bbox 1156 3043 1346 3136; x_wconf 83' lang='lat' dir='ltr'><strong>amplificati</strong></span> 
     </span>
     <span class='ocr_line' id='line_1_21' title="bbox 327 3177 1346 3270; baseline 0.005 -22"><span class='ocrx_word' id='word_1_139' title='bbox 327 3179 476 3265; x_wconf 87' lang='lat' dir='ltr'><strong>tantum,</strong></span> <span class='ocrx_word' id='word_1_140' title='bbox 506 3181 668 3268; x_wconf 90' lang='lat' dir='ltr'><strong>quantum</strong></span> <span class='ocrx_word' id='word_1_141' title='bbox 699 3179 798 3251; x_wconf 85' lang='lat' dir='ltr'><strong>hasta</strong></span> <span class='ocrx_word' id='word_1_142' title='bbox 833 3179 963 3251; x_wconf 83' lang='lat' dir='ltr'><strong>tomani</strong></span> <span class='ocrx_word' id='word_1_143' title='bbox 1000 3181 1133 3270; x_wconf 90' lang='lat' dir='ltr'><strong>potest:</strong></span> <span class='ocrx_word' id='word_1_144' title='bbox 1167 3177 1346 3270; x_wconf 89' lang='lat' dir='ltr'><strong>inquibus</strong></span> 
     </span>
     <span class='ocr_line' id='line_1_22' title="bbox 327 3307 1345 3405; baseline 0.006 -25"><span class='ocrx_word' id='word_1_145' title='bbox 327 3328 417 3399; x_wconf 88' lang='lat' dir='ltr'><strong>aqua</strong></span> <span class='ocrx_word' id='word_1_146' title='bbox 444 3308 494 3380; x_wconf 88' lang='lat' dir='ltr'><strong>itu</strong></span> <span class='ocrx_word' id='word_1_147' title='bbox 522 3307 640 3381; x_wconf 82' lang='lat' dir='ltr'><strong>ebudlit</strong></span> <span class='ocrx_word' id='word_1_148' title='bbox 667 3316 703 3382; x_wconf 86' lang='lat' dir='ltr'><strong>et</strong></span> <span class='ocrx_word' id='word_1_149' title='bbox 728 3313 887 3403; x_wconf 88' lang='lat' dir='ltr'><strong>scaturit,</strong></span> <span class='ocrx_word' id='word_1_150' title='bbox 917 3309 1009 3404; x_wconf 90' lang='lat' dir='ltr'><strong>qnod</strong></span> <span class='ocrx_word' id='word_1_151' title='bbox 1037 3311 1193 3385; x_wconf 89' lang='lat' dir='ltr'><strong>omnibus</strong></span> <span class='ocrx_word' id='word_1_152' title='bbox 1219 3333 1345 3405; x_wconf 77' lang='lat' dir='ltr'><strong>aquae</strong></span> 
     </span>
     <span class='ocr_line' id='line_1_23' title="bbox 327 3440 1344 3539; baseline 0.004 -25"><span class='ocrx_word' id='word_1_153' title='bbox 327 3440 482 3515; x_wconf 82' lang='lat' dir='ltr'><strong>ductibus</strong></span> <span class='ocrx_word' id='word_1_154' title='bbox 507 3442 669 3534; x_wconf 85' lang='lat' dir='ltr'><strong>partitur,</strong></span> <span class='ocrx_word' id='word_1_155' title='bbox 697 3445 804 3517; x_wconf 91' lang='lat' dir='ltr'><strong>etiam</strong></span> <span class='ocrx_word' id='word_1_156' title='bbox 830 3465 895 3538; x_wconf 93' lang='lat' dir='ltr'><strong>per</strong></span> <span class='ocrx_word' id='word_1_157' title='bbox 923 3448 1034 3518; x_wconf 87' lang='lat' dir='ltr'><strong>totam</strong></span> <span class='ocrx_word' id='word_1_158' title='bbox 1060 3446 1238 3537; x_wconf 87' lang='lat' dir='ltr'><strong>planitiem</strong></span> <span class='ocrx_word' id='word_1_159' title='bbox 1264 3446 1344 3539; x_wconf 76' lang='lat' dir='ltr'><strong>Tyn·</strong></span> 
     </span>
     <span class='ocr_line' id='line_1_24' title="bbox 327 3573 1343 3672; baseline 0.007 -26"><span class='ocrx_word' id='word_1_160' title='bbox 327 3573 541 3665; x_wconf 84' lang='lat' dir='ltr'><strong>diffunditur,</strong></span> <span class='ocrx_word' id='word_1_161' title='bbox 569 3576 618 3650; x_wconf 89' lang='lat' dir='ltr'><strong>ita</strong></span> <span class='ocrx_word' id='word_1_162' title='bbox 642 3577 733 3669; x_wconf 90' lang='lat' dir='ltr'><strong>quod</strong></span> <span class='ocrx_word' id='word_1_163' title='bbox 758 3578 854 3650; x_wconf 85' lang='lat' dir='ltr'><strong>horti</strong></span> <span class='ocrx_word' id='word_1_164' title='bbox 881 3584 918 3652; x_wconf 90' lang='lat' dir='ltr'><strong>et</strong></span> <span class='ocrx_word' id='word_1_165' title='bbox 936 3580 1069 3672; x_wconf 81' lang='lat' dir='ltr'><strong>vineae,</strong></span> <span class='ocrx_word' id='word_1_166' title='bbox 1099 3578 1200 3654; x_wconf 85' lang='lat' dir='ltr'><strong>ficeta</strong></span> <span class='ocrx_word' id='word_1_167' title='bbox 1225 3585 1263 3651; x_wconf 91' lang='lat' dir='ltr'><strong>et</strong></span> <span class='ocrx_word' id='word_1_168' title='bbox 1281 3580 1343 3653; x_wconf 92' lang='lat' dir='ltr'><strong>oli-</strong></span> 
     </span>
     <span class='ocr_line' id='line_1_25' title="bbox 326 3709 1342 3807; baseline 0.006 -27"><span class='ocrx_word' id='word_1_169' title='bbox 326 3711 409 3783; x_wconf 77' lang='lat' dir='ltr'><strong>veta</strong></span> <span class='ocrx_word' id='word_1_170' title='bbox 448 3713 486 3785; x_wconf 85' lang='lat' dir='ltr'><strong>et</strong></span> <span class='ocrx_word' id='word_1_171' title='bbox 518 3709 758 3802; x_wconf 79' lang='lat' dir='ltr'><strong>cannamellae,</strong></span> <span class='ocrx_word' id='word_1_172' title='bbox 798 3731 889 3805; x_wconf 84' lang='lat' dir='ltr'><strong>quae</strong></span> <span class='ocrx_word' id='word_1_173' title='bbox 924 3713 1059 3788; x_wconf 88' lang='lat' dir='ltr'><strong>abunde</strong></span> <span class='ocrx_word' id='word_1_174' title='bbox 1096 3713 1145 3787; x_wconf 94' lang='lat' dir='ltr'><strong>ibi</strong></span> <span class='ocrx_word' id='word_1_175' title='bbox 1177 3719 1342 3807; x_wconf 78' lang='lat' dir='ltr'><strong>meseunt,</strong></span> 
     </span>
    </p>
   </div>
   <div class='ocr_carea' id='block_1_4' title="bbox 0 0 1688 4650">
    <p class='ocr_par' dir='ltr' id='par_1_4' title="bbox 0 0 1688 4650">
     <span class='ocr_line' id='line_1_26' title="bbox 0 0 1688 4650; baseline 0 4"><span class='ocrx_word' id='word_1_176' title='bbox 0 0 1688 4650; x_wconf 95' lang='lat' dir='ltr'><strong> </strong></span> 
     </span>
    </p>
   </div>
  </div>
 </body>
</html>
