3368 4650
1320 624 1361 692 17

332 809 452 886 aiendo
485 810 665 906 praeteriit
698 806 905 902 remulcquc
935 809 1008 905 jam
1045 806 1273 919 incumbendo
1305 808 1358 880 in-

331 955 440 1022 staret
479 968 621 1040 germen
664 952 700 1019 et
739 943 897 1037 paschate
937 966 1001 1039 per
1045 951 1154 1017 totum
1197 944 1361 1019 mnndum

333 1082 495 1171 fulgendo
523 1081 707 1154 irradiaret
732 1085 875 1174 tempus,
905 1080 954 1152 illi
967 1078 1035 1154 dno
1050 1081 1204 1172 germani
1221 1076 1355 1152 felicem

331 1214 579 1286 monasterialis
618 1215 817 1306 disciplinae
858 1214 961 1287 uitam
1008 1215 1071 1288 sub
1111 1235 1229 1289 sacrae
1272 1213 1359 1304 legis

332 1343 564 1414 moderamine
606 1345 786 1419 ducebant.
848 1347 936 1420 Tum
974 1347 1094 1438 etiam,
1134 1349 1358 1422 decrescente

331 1475 462 1547 dierum
490 1474 620 1546 cdculn
649 1483 685 1546 et
711 1484 889 1552 crescente
902 1481 1044 1553 aestatis
1072 1488 1238 1570 caumate,
1268 1501 1357 1571 quae

330 1627 497 1697 praesaga
523 1605 659 1677 suturae
687 1607 776 1678 solet
804 1629 878 1681 esse
905 1610 1020 1698 febris,
1048 1631 1174 1698 magna
1201 1612 1356 1701 corporis

330 1740 422 1811 illico
449 1739 581 1831 arrepti
608 1744 687 1810 sunt
713 1737 890 1828 molestia,
920 1742 991 1831 ita,
1032 1744 1070 1809 ut
1096 1741 1223 1813 acriter
1250 1741 1356 1812 anbe-

327 1871 439 1962 tando,
469 1870 706 1961 febricitando,
734 1870 837 1943 toties
863 1873 983 1963 algore
998 1871 1184 1961 frigescens
1196 1881 1233 1947 et
1247 1875 1352 1948 toties

330 2005 446 2077 cature
472 2009 643 2091 aestuans,
673 2011 772 2077 atrox
798 2023 862 2096 per
880 2011 974 2076 artus
989 2003 1110 2077 diffusa
1125 2014 1216 2079 esset
1232 2008 1347 2100 pestis,

328 2137 439 2210 etsie
468 2135 591 2207 irretiti
619 2143 656 2208 et
683 2136 819 2226 retenti,
848 2156 973 2227 magno
1002 2139 1122 2210 mortis
1143 2140 1245 2212 exitio
1274 2160 1354 2211 con·

328 2271 448 2362 stricti,
478 2268 574 2341 febre
602 2266 733 2357 fatigati
761 2276 868 2360 erant
898 2278 936 2341 ut
964 2271 1020 2343 uis
1032 2271 1105 2362 jam
1128 2273 1162 2343 in
1178 2273 1244 2344 illis
1260 2274 1352 2345 vitae

329 2404 454 2476 halitus
486 2423 549 2494 per
576 2402 685 2476 lassos
717 2403 881 2475 luentium
909 2410 1005 2477 artus
1034 2404 1207 2477 volitando
1235 2425 1351 2477 rema·

328 2544 435 2608 retur.
492 2534 561 2607 Sed
589 2544 702 2608 tamen
731 2536 898 2610 indefessa
924 2544 1091 2627 paternae
1105 2539 1245 2628 pietatis
1271 2559 1352 2630 pre

329 2670 479 2742 ridentia
511 2669 581 2739 suis
615 2669 790 2742 consulere
823 2669 1072 2760 suffragariqne
1107 2670 1250 2759 dignata
1288 2677 1350 2759 cst,

328 2803 386 2891 ita,
415 2814 454 2876 nt
481 2823 566 2873 unns
592 2800 636 2873 de
665 2801 795 2875 duobus
812 2823 913 2874 unam
928 2801 1178 2873 hebdomadam
1207 2812 1243 2872 et
1261 2800 1353 2871 alter

329 2956 430 3007 unam
457 2937 491 3007 in
517 2934 700 3006 subsidium
714 2933 926 3006 ministrandi
948 2934 996 3005 illi
1012 2934 1165 3022 requiem
1193 2932 1346 3002 haberet.

328 3065 378 3137 Et
418 3076 550 3157 tamen,
590 3073 694 3157 prout
736 3067 890 3157 corporis
927 3066 1108 3139 infirmitas
1147 3068 1352 3155 perpetrare

327 3209 470 3291 poterat,
499 3220 651 3272 asncrae
670 3199 889 3272 institutionis
904 3218 1024 3270 norma
1039 3218 1105 3268 nnn
1127 3196 1348 3282 recedebant,

326 3333 388 3405 sed
416 3333 618 3424 propensius
644 3352 758 3404 sacrae
773 3330 926 3403 lectionis
952 3329 1066 3401 studio
1087 3335 1351 3421 perseuerantes

326 3465 566 3553 inhaerebant,
599 3465 696 3555 juxta
731 3463 888 3535 veritatis
926 3485 1047 3535 uocem
1077 3462 1236 3534 dicentis:
1280 3460 1351 3547 Qui

326 3604 439 3669 aucun
449 3598 722 3688 perseverabant
745 3617 852 3688 usque
871 3597 907 3666 in
927 3595 1044 3684 finem,
1065 3593 1121 3667 bic
1135 3594 1256 3667 saluus
1273 3594 1348 3662 erit.

1133 3980 1153 4042 2
