3368 4650
1329 571 1371 635 15

342 756 492 850 losisque
518 756 632 851 pelagi
660 757 837 850 pressuris,
866 763 997 831 vastum
1024 775 1089 850 per
1102 771 1234 844 aequor
1261 751 1369 823 citato

342 895 468 968 uelocis
495 915 613 986 cumn,
651 893 825 987 prosperis
862 892 986 984 ventis,
1026 892 1144 963 velata
1185 906 1273 960 aava
1302 887 1368 958 tuti

343 1030 473 1101 andam
517 1029 678 1103 viderunt
713 1037 855 1102 terram.
911 1026 960 1099 Et
1001 1025 1118 1099 statim
1156 1031 1298 1096 ovantes
1326 1021 1369 1094 de

342 1164 420 1233 navi
448 1163 709 1254 descenderunt,
738 1171 776 1236 et
802 1163 870 1234 illie
897 1165 1136 1233 castraverunt
1152 1164 1189 1231 et
1216 1157 1367 1229 tentoria

343 1294 489 1367 fixerunt
546 1297 580 1367 iu
643 1297 719 1388 ripa
773 1295 936 1383 fluminis,
997 1294 1091 1384 quod
1150 1297 1368 1382 nuncupatur

339 1425 483 1518 Sipona,
506 1429 607 1521 juxta
633 1431 764 1522 urbem,
792 1449 881 1519 qnae
897 1423 1198 1511 romanianum
1227 1425 1272 1496 ibi
1300 1423 1365 1496 fuit

340 1561 606 1636 mercimonium

420 1693 469 1766 Et
506 1695 574 1767 illic
606 1694 790 1784 aliquantis
829 1695 961 1765 dierum
994 1689 1172 1762 curriculis
1210 1690 1363 1777 requies-

337 1832 469 1916 uentea,
509 1827 632 1901 iterum
672 1844 818 1917 pergere
847 1829 1053 1912 coeperunt,
1096 1830 1132 1893 et
1159 1821 1268 1893 multa
1295 1821 1364 1894 iilic

336 1966 528 2032 sauctorum
540 1959 702 2047 oratoria,
719 1976 806 2047 quae
828 1955 893 2027 illis
920 1955 954 2024 in
968 1955 1181 2027 commodum
1209 1954 1360 2046 suerunt,

337 2092 468 2163 orando
507 2093 691 2184 petierunt.
767 2086 817 2157 Et
858 2089 905 2160 sic
951 2088 1067 2159 inante
1109 2086 1359 2161 Gortbonicum

335 2223 503 2314 gradatim
553 2243 595 2293 ex
645 2228 744 2311 parte
799 2228 1022 2310 peragrantes
1071 2231 1359 2313 supervenerunt.

336 2356 491 2446 Cumque
517 2359 701 2445 pergentes
729 2353 900 2424 venissent
927 2353 970 2426 ad
998 2355 1129 2446 urbem,
1158 2375 1361 2446 qnaevoca·

336 2494 394 2559 tur
404 2483 516 2575 Luca,
546 2485 759 2558 tt’illibatdns
787 2496 822 2557 et
832 2486 1065 2560 Wnuebaldus
1081 2497 1213 2583 patrem
1243 2509 1360 2559 eurum

333 2620 366 2691 iu
406 2621 571 2691 comitatu
613 2619 745 2692 itineris
780 2622 909 2709 pariter
950 2643 1025 2692 cum
1068 2623 1134 2694 iilis
1174 2621 1354 2695 ducebant.

332 2750 528 2844 Statimque
555 2752 603 2823 sic
628 2751 808 2823 subitanea
835 2763 1045 2844 praeventus
1058 2765 1111 2827 est
1138 2754 1292 2845 corporis
1308 2756 1357 2824 in·

331 2885 507 2975 firmitate,
537 2893 590 2975 ut,
632 2887 833 2976 praeteritis
861 2895 1054 2978 temporum
1091 2888 1357 2980 intercapedini-

331 3018 403 3105 bus,
431 3041 539 3110 prope
552 3020 624 3109 jam
653 3018 794 3089 instaret
822 3023 935 3092 exitus
962 3022 1014 3094 sui
1043 3021 1125 3094 dies.
1183 3019 1231 3091 Et
1259 3021 1353 3091 inva-

328 3150 478 3222 lassante
506 3151 539 3222 in
569 3173 611 3223 eo
630 3150 852 3241 aegritudinis
869 3157 1055 3244 gravitate,
1089 3154 1167 3226 fessi
1181 3174 1222 3226 ac
1237 3153 1352 3242 frigidi

328 3282 418 3353 illius
440 3284 513 3376 jaan
535 3285 755 3357 tabescebant
773 3289 1041 3378 corporisartus,
1072 3289 1171 3359 etsie
1194 3288 1349 3359 ultimum

328 3416 421 3487 vitae
448 3438 528 3488 suae
557 3417 740 3489 exhalabat
766 3421 934 3507 spiritum.
971 3419 1166 3513 Statimque
1196 3420 1243 3491 illi
1272 3440 1351 3509 ger·

327 3550 417 3618 mani
469 3549 526 3621 tilii
572 3552 662 3643 ejus,
711 3571 831 3642 eorpus
874 3556 981 3645 patris
1029 3575 1148 3627 eorum
1195 3555 1349 3625 exanime

329 3687 496 3768 paternae
523 3683 664 3775 pietatis
691 3683 817 3756 affectu
843 3689 1084 3777 percipientes,
1115 3697 1259 3759 venuste
1297 3688 1347 3757 in-

324 3812 506 3886 ruivennnt
533 3824 569 3888 et
596 3825 690 3888 terra
717 3819 971 3891 tumulaverunt
1000 3822 1032 3891 in
1064 3822 1149 3894 urbe
1185 3819 1279 3891 Luca
1306 3820 1349 3890 ad
