3368 4650
333 512 399 578 Μ

334 658 511 778 distantia,
527 685 588 759 nbi
599 682 750 757 cernitur
767 682 913 756 domus
930 678 1138 792 Simeonis
1162 679 1350 774 pharisaei,

334 840 403 913 qna
430 817 668 910 Magdmenae
696 815 836 888 dimissa
861 816 945 913 sunt
971 814 1131 904 pennata.
1346 804 1351 811 ’

415 949 552 1024 Deinde
570 970 670 1024 verso
688 951 818 1038 meatu,
836 946 873 1017 in
890 945 966 1016 vino
983 945 1152 1036 praetorii
1168 947 1222 1018 ost
1235 944 1354 1021 domus

333 1083 515 1174 Joachim,
550 1103 620 1175 qna
650 1087 754 1155 nata
787 1085 840 1153 est
866 1077 990 1169 virgo
1017 1077 1168 1152 Maria
1225 1077 1355 1155 ibidem

334 1223 389 1293 est
422 1215 621 1305 eeclesia,
655 1234 759 1306 quam
789 1212 923 1286 habent
953 1212 1141 1305 sarraceni,
1174 1213 1304 1288 ᾶίεὶιυὲ
1330 1235 1355 1288 a

333 1350 448 1444 prima
474 1355 582 1440 porta
612 1347 731 1439 templi
762 1343 956 1419 Salomonis
987 1366 1054 1439 per
1085 1347 1262 1437 octoginta
1291 1369 1353 1423 sax

332 1502 466 1574 passus.
521 1479 609 1554 Item
636 1500 659 1553 a
684 1478 784 1553 domo
810 1475 972 1554 Joaehim
997 1485 1092 1554 rento
1115 1480 1255 1554 tramite
1282 1502 1349 1573 per

340 1615 569 1708 quedrngmta
583 1614 668 1688 duos
683 1614 967 1708 pasusmnjmes
987 1620 1041 1687 ast
1067 1619 1190 1706 porta
1213 1614 1357 1706 gregis

334 1749 403 1823 vel
431 1748 566 1823 vallis
620 1747 660 1820 ln
686 1747 751 1820 hoc
776 1746 921 1821 nanum
954 1752 1007 1819 est
1032 1748 1252 1840 probatica
1276 1747 1358 1841 pia-

336 1883 436 1955 eina
460 1903 483 1953 a
509 1881 648 1976 dextris,
677 1900 793 1954 versus
818 1880 987 1973 templum
1012 1879 1209 1953 Salomonis.

415 2013 472 2086 Ab
505 2013 625 2086 eadem
656 2020 757 2105 porta
790 2034 899 2105 usque
932 2014 1146 2086 adoreum
1178 2009 1357 2086 testudinis

333 2166 410 2238 per
441 2143 608 2217 Gedron
651 2149 729 2215 sunt
767 2152 904 2219 eentum
939 2145 1010 2218 lxiii
1041 2166 1159 2237 passus
1195 2144 1353 2236 maiores.

334 2276 404 2349 Per
426 2273 563 2349 Cedron
591 2274 760 2367 quondam
781 2278 893 2369 jacuit
919 2279 1036 2367 arbor,
1064 2277 1100 2348 in
1119 2296 1187 2368 qua
1201 2273 1358 2347 Christus

332 2414 385 2481 est
412 2429 550 2501 passus,
579 2407 669 2499 quod
695 2410 856 2498 oognorit
882 2411 1005 2499 regina
1031 2411 1075 2482 de
1102 2407 1211 2498 Saba,
1239 2407 1359 2497 regins

329 2542 453 2630 austri;
499 2540 595 2613 venit
626 2561 649 2612 a
681 2537 801 2614 finibus
840 2548 958 2615 terrae
995 2541 1115 2613 audire
1152 2538 1354 2632 sapientiam

330 2673 529 2747 Salomonis
563 2671 674 2745 Moth.
703 2688 770 2744 111.
807 2673 908 2748 Unde
936 2680 972 2747 et
998 2675 1034 2746 in
1060 2672 1200 2746 historia
1219 2670 1353 2772 Regno

329 2825 407 2877 rum
440 2805 581 2894 legitur:
613 2804 667 2877 Et
692 2804 851 2896 maressa
884 2794 1008 2897 r'eyim
1034 2803 1129 2878 Sabo
1154 2801 1353 2875 Jenoalem

330 2958 408 3009 oum
433 2935 540 3008 molto
568 2938 727 3010 oometoto
753 2943 785 3010 et
811 2937 958 3027 divitiis,
979 2933 1352 3026 anonomastos

329 3074 488 3140 aromata
515 3073 547 3140 et
574 3070 656 3141 eom
681 3068 852 3158 infinitum
878 3091 1006 3142 moso
1039 3074 1071 3141 et
1095 3088 1249 3160 qemmos
1268 3088 1352 3159 pre-

328 3200 437 3273 tiosae
469 3200 562 3272 venit
594 3201 644 3272 od
674 3199 900 3275 Salomonem,
959 3200 1138 3291 infigura
1168 3201 1270 3293 huJus
1296 3221 1352 3272 re·

328 3331 431 3422 ginae
466 3332 624 3424 ecclesia,
660 3355 745 3426 qnae
773 3338 867 3407 venit
901 3356 945 3407 ex
977 3335 1151 3425 gentibus,
1185 3336 1347 3424 signatur.

329 3465 416 3538 Item
443 3465 562 3538 ultimo
590 3467 706 3560 (ultra)
733 3472 925 3540 torrentem
951 3490 974 3541 a
1000 3466 1142 3540 suistris
1164 3469 1349 3559 uspersus

328 3598 363 3669 in
396 3597 485 3670 valle
520 3595 689 3690 Josnphnt
719 3599 878 3674 deorsum
913 3603 963 3673 48
1001 3602 1128 3693 gradus
1165 3605 1219 3672 est
1251 3605 1350 3690 grata

330 3730 529 3825 eeclesia,
579 3733 614 3802 in
656 3752 722 3823 qua
765 3738 820 3804 est
863 3735 1141 3828 sepulchrum
1181 3731 1348 3821 gloriosae
