3368 4650
1296 538 1355 650 '1⁹

326 773 489 844 taverunt
516 766 560 843 ad
588 765 822 861 Neapolim.
851 765 901 842 Et
928 768 1009 858 iilic,
1039 765 1288 856 relictanave,
1318 767 1353 838 in

327 927 394 998 qna
420 906 625 999 pergebant,
654 905 789 977 stabant
819 905 862 977 ibi
879 904 963 978 duas
978 901 1218 976 hebdomadas.
1263 900 1353 974 istae

328 1040 486 1112 civitatee
512 1044 592 1112 sunt
619 1060 850 1127 romannrnm3
879 1040 913 1110 in
938 1037 1147 1111 Beneventis
1173 1041 1261 1125 sunt,
1291 1034 1354 1108 sed

327 1179 440 1242 tamen
480 1174 629 1243 romanis
668 1179 747 1245 sunt
780 1173 948 1246 subditae.
1005 1170 1218 1262 Statimque,
1262 1170 1352 1241 sicut

327 1298 439 1369 divina
472 1302 561 1371 solet
598 1306 710 1391 pietas
753 1307 964 1376 incessanter
1000 1323 1121 1392 agere,
1167 1311 1206 1373 nt
1233 1304 1351 1374 votiva
1445 1297 1452 1309 ’

328 1428 587 1502 vernaculorum
623 1433 794 1506 desideria
828 1454 965 1506 suornm
1002 1435 1143 1527 implere
1170 1441 1349 1525 properat,

327 1581 446 1632 navem
462 1560 510 1631 ilii
529 1561 572 1633 de
593 1562 985 1653 Aegyptoinvenerurrt,
1016 1573 1052 1636 et
1079 1565 1147 1635 iilic
1173 1566 1265 1636 intro
1297 1587 1350 1637 aa·

327 1693 511 1765 candentes
538 1694 788 1783 navigaverunt
815 1696 848 1763 in
884 1704 1011 1765 terram
1041 1692 1273 1766 Calabriae
1308 1697 1352 1767 ad

327 1826 456 1914 urbem,
485 1846 573 1915 qnae
600 1825 724 1896 dieitur
751 1823 892 1911 Regia.
921 1822 969 1893 Et
996 1821 1040 1893 ibi
1069 1831 1244 1897 manentes
1265 1826 1350 1899 dnos

326 1956 400 2029 dien
427 1956 628 2028 levaverunt
654 1977 692 2027 se
720 1963 757 2027 et
771 1961 939 2025 venerunt
954 1955 988 2023 in
1017 1955 1159 2029 insulam
1187 1957 1348 2048 Siciliam,

326 2089 418 2181 qnod
433 2096 495 2177 est,
524 2089 557 2158 in
571 2088 689 2159 urbem
704 2093 984 2173 catanensem,
1005 2088 1061 2159 ubi
1076 2091 1260 2179 requiescit
1274 2112 1350 2163 cor·

327 2244 391 2312 pus
432 2226 574 2292 sanctae
619 2218 775 2305 agathae
812 2219 962 2306 virginis.
1018 2218 1067 2290 Et
1099 2222 1145 2294 ibi
1173 2229 1228 2294 est
1255 2244 1351 2294 mons

325 2358 478 2441 Aetna,
518 2358 553 2423 et
592 2350 728 2438 quando
768 2352 922 2423 evenerit
949 2373 1012 2443 pro
1040 2353 1208 2443 aliquibus
1236 2357 1348 2445 rebus,

326 2493 366 2557 nt
409 2486 465 2556 ille
499 2483 587 2570 ignis
615 2481 758 2553 dilatare
786 2504 823 2554 se
853 2485 1001 2557 voluerit
1029 2507 1133 2579 super
1160 2488 1348 2578 regionem,

325 2627 405 2689 tnnc
434 2615 500 2686 citn
528 2614 576 2685 iili
606 2616 699 2686 cives
726 2624 863 2687 sumunt
890 2618 1002 2688 velum
1029 2625 1172 2691 sanctae
1187 2619 1348 2708 agathae

325 2757 510 2823 utcontra
539 2748 652 2836 ignem
679 2756 819 2838 ponunt,
861 2756 896 2819 et
925 2757 1047 2821 cessat.
1103 2749 1177 2821 illic
1212 2750 1350 2822 fuerunt

325 2890 397 2954 tren
424 2877 666 2954 hebdomadas.
728 2878 776 2951 Et
802 2879 881 2952 inde
910 2882 1105 2971 navigantes
1124 2887 1294 2954 venerunt
1315 2883 1348 2951 in

327 3014 577 3087 Saracnsanr
606 3013 723 3085 urbem
751 3015 784 3086 in
813 3015 884 3106 ipsa
908 3014 1059 3103 regione.

326 3326 380 3396 XL
430 3329 519 3395 lara
555 3325 774 3404 annatim,
811 3328 1045 3406 lonenbaata,
1082 3326 1196 3407 (thina,
1229 3326 1348 3402 mna,

327 3432 490 3518 hieru,
539 3432 706 3516 Phygela,
755 3433 956 3518 Hierapolia,
1011 3434 1150 3524 Patara,
1207 3432 1349 3508 lilatnr,

448 3538 679 3618 Chelidonium,
701 3538 838 3622 θηται,
862 3540 999 3623 Paphon,
1023 3538 1224 3606 nunnae

407 3702 545 3776 Etinde
557 3704 762 3794 navigantes
788 3708 956 3775 venerunt
968 3702 1058 3774 nitra
1069 3721 1161 3772 mare
1175 3699 1350 3770 Adriam

331 3835 372 3908 ad
405 3835 526 3909 mbern
552 3832 829 3907 Manaiasiam
856 3836 897 3905 in
925 3832 1121 3905 Slavinia
1148 3840 1254 3904 tem.
1303 3829 1351 3900 Et

1137 3949 1190 4018 2·
