3368 4650
329 502 397 571 128

327 686 480 778 planum,
516 680 706 772 conjunctis
737 681 904 774 lapidibus
937 680 1211 771 pavimentatum
1242 684 1280 754 et
1313 681 1348 754 in

329 813 473 889 circmtn
514 811 733 903 quadratum,
773 814 817 886 ad
858 812 949 904 qnod
989 832 1011 883 a
1048 811 1157 885 tribus
1193 812 1350 904 partibus

328 945 441 1020 multis
467 944 660 1016 ascenditur
686 944 857 1034 gradibus.
896 943 964 1016 Est
990 945 1080 1017 enim
1113 945 1203 1019 idem
1222 944 1348 1017 atrium

281 1144 301 1166 ,
328 1103 349 1154 a
381 1078 545 1171 qualitate
578 1081 694 1152 terrae
726 1079 810 1150 satis
843 1075 1025 1151 artificiose
1060 1079 1242 1152 elevatum.
1300 1077 1349 1153 Et

328 1214 433 1286 habet
464 1211 508 1282 ab
540 1210 736 1284 orientem
768 1212 900 1303 pariete
932 1232 995 1284 sno
1031 1212 1137 1286 latum
1170 1213 1350 1287 introitum

328 1366 392 1438 per
426 1343 574 1435 quinque
607 1363 707 1416 arcus
740 1350 888 1437 quatuor
921 1347 1051 1436 magnis
1088 1347 1253 1420 columnis
1283 1347 1349 1421 sibi

328 1496 510 1566 connerms,
547 1482 584 1548 et
617 1476 673 1550 hic
706 1479 819 1569 paries
853 1480 900 1553 sic
932 1485 1030 1571 patet
1063 1502 1182 1554 versus
1214 1486 1346 1574 portam

329 1632 477 1704 auream,
505 1632 570 1703 per
596 1631 696 1702 quam
715 1609 880 1686 Dominus
907 1615 1024 1705 quinto
1052 1615 1201 1687 dicante
1216 1614 1345 1705 passio·

329 1767 407 1818 nem
440 1755 552 1838 suam,
594 1746 716 1819 sedens
749 1740 852 1838 super
885 1749 1030 1835 asinam,
1072 1747 1268 1821 solemniter
1297 1749 1348 1818 in-

329 1878 445 1950 troivit
471 1884 651 1968 susceptus
679 1900 700 1951 a
726 1879 841 1971 pueris
868 1878 1025 1952 hebraeis
1053 1898 1130 1949 eum
1146 1879 1249 1950 ramis
1274 1880 1348 1969 pal·

328 2031 476 2101 marum,
512 2009 726 2084 laudantibus
754 2017 790 2083 et
816 2011 1019 2084 dicentibus:
1067 2007 1243 2081 Hosanna
1273 2008 1348 2096 filio

329 2141 450 2216 David
476 2147 544 2215 etc.
581 2141 677 2231 Quae
704 2149 862 2232 portaex
883 2143 996 2215 divina
1015 2141 1246 2232 dispositione,
1267 2141 1347 2212 linet

328 2279 450 2366 postea
476 2293 579 2366 saepe
596 2274 789 2347 Jerusalem
816 2276 859 2347 ab
886 2276 1037 2348 hostibus
1066 2283 1159 2346 esset
1187 2279 1291 2363 capta
1311 2279 1348 2344 et

329 2408 521 2496 destructa,
556 2427 692 2498 semper
723 2408 887 2479 remansit
920 2409 1065 2498 integra.
1113 2407 1209 2479 Haec
1243 2407 1345 2479 etiam

329 2545 444 2633 porta,
482 2540 525 2611 ob
556 2540 783 2613 reverentiam
816 2540 917 2612 divini
951 2545 988 2612 et
1020 2541 1149 2631 mystici
1184 2539 1342 2611 introitus

330 2673 466 2744 Domini
493 2693 515 2744 a
541 2671 708 2745 Bethania
735 2693 799 2762 per
825 2678 976 2746 montem
1005 2669 1129 2745 Oliveti
1155 2671 1346 2744 Jerusalem

328 2805 540 2879 ascendentis
571 2806 664 2878 intus
696 2806 827 2892 clausa,
856 2804 940 2878 loris
966 2806 1134 2895 lapidibus
1161 2807 1344 2893 obstructa,

329 2942 364 3011 iu
397 2938 490 3010 nullo
524 2944 681 3030 tempore
712 2945 809 3030 patet
834 2938 950 3029 aliam,
982 2939 1048 3009 nisi
1075 2939 1109 3010 iu
1137 2938 1192 3010 die
1219 2937 1348 3029 palma·

329 3094 414 3162 rum,
444 3091 511 3163 quo
529 3073 618 3142 omui
637 3093 735 3163 auno,
766 3074 809 3144 ob
829 3074 1024 3145 memoriam
1054 3073 1105 3144 rei
1133 3077 1261 3161 gestae,
1290 3091 1345 3142 so·

328 3204 485 3277 lemniter
524 3205 677 3295 aperitur
709 3204 916 3295 processioni
955 3212 991 3278 et
1027 3208 1184 3279 universo
1219 3204 1345 3296 populo

330 3336 587 3426 peregrinorum
613 3338 688 3409 sive
721 3337 854 3410 civium.
896 3337 1141 3429 Apatriarcha
1158 3337 1248 3410 lacto
1275 3358 1346 3409 ser·

328 3490 427 3542 moue
460 3471 495 3540 in
527 3469 616 3561 pede
647 3471 772 3542 montis
805 3467 930 3543 Oliveti
963 3470 1005 3542 ad
1038 3471 1216 3563 populum,
1251 3470 1345 3542 linito

332 3622 372 3673 eo
399 3602 455 3674 die
482 3600 611 3692 officio,
647 3603 769 3676 iterum
803 3602 970 3676 clauditur
996 3623 1060 3692 per
1087 3610 1195 3676 totum
1223 3625 1345 3677 annum

332 3741 368 3806 ut
392 3729 496 3826 prius,
526 3735 591 3806 nisi
617 3736 653 3806 in
682 3737 886 3809 exactione
912 3741 1048 3808 smnus
1070 3738 1189 3827 crucis,
1217 3737 1251 3806 in
1280 3757 1346 3826 qua

1095 4416 1297 4594 fx
