3368 4650
1284 558 1349 629 2⁸1

326 740 475 833 gollatna
503 745 541 815 et
564 741 747 836 iudicatus,
777 749 814 818 et
841 750 956 838 porta,
986 762 1167 837 perquam
1185 738 1350 830 introivit,

328 880 363 948 et
393 875 517 950 iterum
557 881 682 970 porta,
724 900 924 973 perquam
961 877 1187 954 sententiatim
1225 873 1350 950 exivit:

327 1029 417 1101 qnae
444 1010 572 1083 ambae
605 1018 684 1085 sunt
716 1013 916 1089 obstmetae
948 1021 985 1090 et
1015 1033 1080 1106 per
1110 1009 1246 1103 lapidea
1279 1029 1352 1082 nra·

327 1149 439 1233 ratae,
467 1147 583 1216 stante
611 1143 846 1221 fundamento.
883 1147 1014 1222 Domus
1034 1143 1213 1240 enjusdam
1241 1143 1354 1216 claret

327 1271 361 1344 in
388 1274 551 1347 musitata
579 1275 755 1367 sculptura
783 1281 818 1353 in
845 1279 957 1354 torma
982 1285 1134 1353 rotarum
1153 1297 1215 1350 sen
1238 1280 1352 1349 astro·

328 1403 509 1496 labiorum,
552 1426 640 1498 quae
681 1410 783 1503 plene
817 1415 912 1488 cerni
949 1434 1016 1486 non
1053 1418 1180 1505 potest.
1243 1407 1352 1482 ltetro

327 1536 462 1610 domum
495 1541 662 1631 praetorii
697 1543 731 1614 in
765 1545 898 1619 modion
929 1546 1089 1621 distantia
1124 1552 1178 1618 eet
1209 1542 1353 1617 domna

327 1669 526 1761 Herodis,
561 1672 623 1744 aad
657 1681 736 1749 ante
770 1676 908 1750 domum
940 1680 1108 1772 praetorii
1135 1683 1190 1751 eat
1216 1676 1351 1766 domus,

327 1822 417 1897 qnae
444 1822 535 1876 nunc
564 1812 617 1877 est
644 1806 794 1882 tribunal
816 1810 943 1901 judicis
970 1809 1130 1883 civitatis.

406 1939 439 2009 A
466 1939 647 2028 praetorio
663 1940 829 2032 praefato
848 1964 967 2018 versas
983 1942 1151 2016 orientem
1171 1961 1238 2034 per
1255 1945 1353 2013 octo·

328 2068 428 2164 pinta
467 2073 542 2143 tres
582 2091 704 2163 pamas
743 2074 777 2146 in
809 2075 930 2149 eodem
965 2074 1040 2150 vioo
1074 2096 1097 2149 a
1131 2073 1264 2148 dextris
1302 2077 1355 2145 eat

330 2205 443 2297 prima
471 2208 619 2296 porta,
656 2226 747 2297 quae
782 2206 877 2280 ducit
910 2208 954 2281 ad
983 2209 1075 2281 viam
1103 2206 1254 2299 templi
1284 2203 1353 2277 Sa·

326 2335 518 2426 lomonis,
549 2357 693 2429 quamn
721 2346 793 2413 tres
819 2347 899 2415 sunt
925 2343 960 2414 in
988 2340 1055 2414 hae
1080 2342 1202 2435 platea
1230 2345 1353 2413 eontra

328 2471 533 2566 aquilonem.
586 2469 716 2545 Porta
746 2480 861 2547 antem
889 2475 1083 2568 speciosa
1111 2480 1163 2547 est
1190 2470 1351 2567 proxima

327 2606 454 2698 templo
482 2608 607 2678 contra
636 2605 843 2679 oocidentem
871 2627 982 2700 prope
1008 2607 1189 2700 hospitium
1211 2604 1352 2678 damas-

326 2759 496 2814 cenorum.
554 2737 747 2831 Atemplo
775 2737 966 2812 Salomonis
999 2758 1066 2812 non
1099 2739 1202 2830 longe
1231 2757 1351 2809 vemas

328 2878 498 2962 anstrum,
534 2869 655 2944 eodem
685 2872 817 2946 ambitu
844 2892 1033 2962 murorum,
1067 2876 1120 2945 est
1151 2867 1352 2961 templum

326 3005 508 3096 Domini,
538 3005 661 3096 inquo
689 3002 924 3076 afferebantur
952 3003 1168 3096 primogeniti
1194 2999 1351 3089 mastali,

326 3138 359 3212 in
387 3158 454 3232 qno
482 3142 520 3211 et
546 3158 635 3229 pner
662 3135 764 3210 Jesus
791 3140 1038 3228 praesentatas
1061 3144 1114 3210 eat
1137 3143 1173 3208 et
1190 3137 1353 3226 receptas

327 3272 360 3343 in
394 3270 481 3344 alnis
519 3269 708 3360 Simeonis,
748 3270 881 3344 habena
913 3277 1040 3344 teotnm
1078 3268 1277 3361 plumbeum
1317 3272 1354 3339 et

326 3403 464 3476 choram
501 3423 598 3476 more
626 3422 892 3487 sarracenorum
920 3423 1037 3476 vemas
1070 3407 1223 3476 austrum
1253 3399 1350 3472 etin

326 3536 477 3630 quotibet
496 3535 613 3610 tatere
632 3535 752 3625 viginti
769 3533 952 3628 fenestras,
973 3537 1145 3626 tangens
1162 3540 1351 3609 extremam

326 3668 486 3761 mamam
515 3669 666 3743 civitatis
694 3690 812 3743 versus
841 3669 966 3744 vallem
994 3668 1095 3743 Siloe
1138 3665 1274 3742 Deinde
1291 3663 1351 3740 de·

325 3803 474 3877 etinatnr
500 3822 522 3874 a
550 3802 673 3894 platea
707 3802 875 3894 praetorii
908 3803 955 3876 ad
987 3802 1159 3878 εἰυίεῑηω
1192 3801 1227 3875 in
1255 3800 1347 3874 bona
