3368 4650
358 549 421 618 182

356 746 508 818 arcuque
544 743 607 796 suo
641 722 760 796 ducem
791 745 899 796 suum.
953 720 1051 795 Unde
1082 720 1199 793 lurore
1226 721 1378 812 repletus

355 867 390 933 et
415 860 468 930 ira
495 857 563 928 ait:
594 853 714 927 Occidi
740 854 853 926 virum
879 855 918 926 in
943 852 1069 925 mous
1095 874 1209 925 meum
1236 856 1269 924 et
1294 851 1378 925 odo·
1424 912 1430 919 .

354 988 578 1065 leaceotulum
603 987 641 1059 in
667 986 808 1060 livorem
834 1008 946 1059 meum
973 989 1042 1058 etc.
1078 985 1134 1060 De
1149 986 1240 1059 Kaiu
1261 985 1378 1059 Domi·

355 1136 418 1198 nus
444 1121 677 1214 praedixerat:
708 1119 843 1213 Omnia,
874 1121 936 1213 qui
962 1118 1124 1194 occulerit
1149 1117 1271 1210 Koios,
1299 1122 1377 1212 aep-

353 1256 486 1348 tuplum
507 1254 687 1346 punietur.
733 1234 887 1346 Septimo
914 1254 1071 1327 milliario
1098 1274 1120 1326 a
1144 1254 1236 1327 Kain
1263 1262 1376 1329 monte

355 1403 472 1462 mons
500 1385 708 1478 Carmeli,
737 1387 780 1461 de
808 1387 937 1481 quoin
965 1387 1113 1461 Canticis
1139 1385 1374 1462 Canticomm:

359 1519 493 1594 Collum
520 1525 619 1593 tuum
644 1525 682 1592 ut
712 1517 911 1593 Cometes:
938 1523 971 1594 in
1000 1543 1067 1614 quo
1098 1544 1162 1614 per
1194 1523 1376 1615 plurimum

355 1662 490 1750 tempus
517 1654 715 1729 conversari
735 1653 842 1726 voluit
868 1655 987 1728 beatus
1013 1655 1107 1730 Elias
1135 1657 1278 1751 ejusque
1305 1656 1373 1729 dia·

360 1788 491 1880 cipulus
517 1789 698 1862 Helisaeus
726 1809 801 1860 cum
830 1808 883 1860 eo.

355 2091 404 2158 24„
441 2091 805 2265 fhooffinmam'
832 2094 949 2179 Tyrus,
979 2093 1125 2177 Sarepta,
1149 2092 1259 2173 Sidon,
1281 2093 1376 2175 Bery-

458 2212 509 2276 ua,
587 2213 609 2281 p
652 2200 676 2263 t.

433 2448 631 2523 Idumaeam
661 2455 698 2520 et
724 2449 997 2523 Phoenicium
1024 2450 1144 2523 dividit
1170 2449 1373 2522 Libanus:

351 2582 581 2671 Phoeniciam,
610 2582 644 2653 in
672 2604 742 2675 qua
768 2582 861 2674 Sors,
890 2582 1016 2673 idest,
1046 2558 1198 2675 Tyrus,
1234 2582 1376 2674 phoeni·

352 2736 429 2787 cum
468 2714 680 2787 nobilissima
711 2717 850 2806 civitas,
891 2716 1101 2806 metropolis,
1140 2734 1230 2808 quae
1261 2712 1374 2786 Chris·

353 2855 425 2921 tum
452 2847 748 2939 perambulantem
775 2850 809 2919 in
836 2850 1017 2939 maritima,
1043 2853 1082 2919 ut
1109 2848 1177 2938 syri
1205 2849 1371 2935 asserunt,

351 2980 505 3073 recipere
540 2982 667 3073 noluit,
703 3002 789 3073 quae
824 2986 878 3071 et,
914 2982 1026 3055 divina
1057 2943 1210 3054 testante
1238 2977 1372 3069 pagina,

350 3118 520 3203 martyres
539 3113 619 3187 Deo
646 3114 807 3206 reddidit,
837 3135 979 3206 quorum
1007 3113 1081 3206 eius
1102 3112 1206 3185 solius
1231 3111 1374 3184 seientia

351 3265 529 3317 numerum
542 3248 693 3338 collegit.
733 3248 842 3338 Tyrus
860 3245 1034 3338 Originem
1050 3245 1254 3317 tumulatum
1274 3245 1371 3318 celat

351 3378 443 3450 Ante
471 3378 604 3469 Tyrum
638 3378 724 3469 lapis
755 3381 812 3452 ille
845 3400 1055 3452 marmoreus
1086 3376 1178 3450 haud
1210 3378 1371 3469 modicus,

353 3532 458 3603 super
486 3532 591 3604 quem
618 3511 708 3585 sedit
725 3513 834 3605 Jesus,
864 3514 999 3587 illaesus
1024 3533 1046 3585 a
1072 3516 1228 3604 tempore
1248 3509 1374 3584 Christi

352 3645 533 3736 usquead
561 3647 790 3736 expulsionem
817 3647 970 3738 gentium
996 3650 1040 3721 ab
1066 3646 1168 3737 urbe,
1201 3644 1263 3718 sed
1295 3665 1373 3735 pos·

352 3777 445 3858 unde
479 3776 610 3858 naeus
643 3800 665 3851 a
697 3779 819 3860 francis
852 3786 888 3857 et
914 3780 1116 3858 veneticis»
1143 3777 1257 3876 Supra
1290 3797 1372 3855 vero

1106 4398 1323 4588 Λ
