3368 4650
1330 527 1374 594 23

346 726 430 796 gere
458 725 578 798 parma
604 711 763 797 tutosque
791 724 994 780 conservare
1021 706 1252 797 dignatusest,
1284 728 1371 780 nnus

347 841 447 914 homo
474 841 541 914 fuit
568 840 617 914 ibi
645 840 850 930 negotiator,
882 841 937 932 qui
965 842 1028 916 sibi
1055 842 1089 914 in
1119 843 1369 934 eleemosynam

345 982 382 1048 et
408 976 541 1048 animae
569 995 652 1048 suae
668 975 913 1048 redemtionem
927 978 1067 1050 volebat
1093 978 1171 1050 iilos
1198 977 1369 1051 redimere

348 1116 385 1179 et
418 1108 463 1181 de
497 1130 639 1184 carcere
680 1109 832 1203 eripere,
861 1111 1028 1184 attineri
1056 1118 1195 1205 possent
1221 1133 1369 1222 pergere

344 1240 501 1311 insuam
530 1242 750 1318 voluntatem.
783 1243 834 1316 Et
861 1265 928 1316 non
956 1250 1107 1337 poterat,
1136 1247 1196 1319 sed
1225 1253 1368 1318 econtra

342 1371 498 1461 quotidie
535 1373 628 1446 misit
662 1376 728 1449 iilis
766 1377 947 1469 prandium
976 1384 1014 1450 et
1042 1400 1197 1451 coenam.
1254 1377 1305 1451 Et
1332 1378 1366 1450 in

347 1511 470 1595 quarta
510 1505 598 1585 ier-ia
633 1518 668 1580 et
702 1512 736 1581 in
770 1511 914 1583 sabbato
952 1511 1045 1583 misit
1073 1510 1177 1584 tilium
1205 1512 1364 1583 suumin

341 1657 526 1729 carcerem,
556 1647 593 1712 et
619 1641 734 1714 eduxit
761 1666 821 1716 eos
847 1643 891 1715 ad
919 1644 1074 1716 balneum
1095 1649 1132 1712 et
1158 1645 1283 1715 iterum
1312 1644 1363 1713 in·

342 1769 505 1842 troduxit.
562 1772 612 1845 Et
639 1774 809 1846 dominico
838 1775 893 1846 die
920 1774 1068 1847 ducebat
1095 1795 1155 1845 eos
1182 1774 1225 1844 ad
1254 1773 1363 1846 eccle·

336 1901 419 1974 siam
446 1924 512 1994 per
539 1907 805 1996 mercimonium,
834 1913 871 1977 ut
899 1906 942 1978 de
960 1908 1061 1980 rebus
1079 1902 1361 1978 venalibusvide·

340 2043 428 2124 rent,
458 2037 539 2127 quid
567 2059 686 2111 eorum
713 2047 863 2111 mentem
892 2037 1090 2109 delectaret.
1133 2035 1185 2107 Et
1203 2037 1261 2109 ille
1282 2045 1361 2107 tunc

343 2188 404 2239 suo
430 2170 544 2259 pretio
571 2170 639 2242 iilis
672 2171 861 2259 obtineret,
901 2167 1062 2260 quidquid
1090 2167 1225 2240 illorum
1254 2168 1359 2237 menti

337 2307 458 2388 aptum
486 2300 585 2372 foret.
643 2300 696 2372 1111
724 2303 816 2374 cives
843 2302 976 2374 urbium
1004 2298 1123 2371 conosi
1133 2298 1268 2389 jugiter
1280 2299 1358 2370 illuc

336 2432 453 2502 venire
481 2441 747 2522 consueverant,
782 2434 857 2506 iilos
884 2433 1066 2525 speculari,
1094 2431 1175 2523 quia
1210 2431 1358 2522 juvenes

338 2568 375 2631 et
411 2560 529 2632 decori
563 2570 600 2633 et
634 2566 778 2637 vestium
805 2571 928 2637 ornatu
963 2570 1063 2635 erant
1100 2562 1188 2634 bene
1228 2561 1351 2632 induti.

412 2686 527 2781 Tunc,
573 2693 640 2764 iilis
672 2694 705 2765 in
741 2718 879 2768 carcere
919 2694 1222 2790 commorantibus,
1268 2714 1354 2764 unns

332 2824 434 2896 homo
463 2824 506 2898 de
535 2824 699 2917 Hispania
727 2830 818 2898 venit
856 2835 891 2899 et
927 2826 1136 2916 loquebatur
1171 2846 1247 2894 cnm
1282 2823 1350 2894 illis

331 2959 363 3028 in
402 2978 559 3046 earcere,
602 2965 638 3028 et
665 2957 846 3045 diligenter
877 2959 1013 3030 abillis
1039 2956 1230 3048 inquisivit,
1271 2955 1352 3045 quid

331 3098 445 3162 essent
472 3097 510 3161 et
537 3088 627 3161 unde
655 3095 781 3161 essent.
837 3089 887 3160 Et
914 3092 963 3163 illi
991 3091 1148 3162 dixerunt
1177 3089 1208 3159 ei
1237 3087 1352 3157 omnia

326 3221 508 3295 secumdum
545 3222 699 3293 ordinem
735 3219 778 3293 de
812 3243 873 3293 suo
906 3224 1038 3295 itinere.
1096 3221 1160 3293 Ille
1188 3219 1352 3311 hispanus

327 3352 427 3426 homo
465 3353 613 3426 habebat
647 3352 789 3424 fratrem
827 3357 861 3426 in
891 3356 1016 3445 palatio
1044 3355 1155 3443 regis,
1200 3353 1258 3443 qui
1286 3349 1351 3423 suit

327 3485 549 3558 cubicularius
562 3487 654 3575 regis
665 3505 935 3559 sarracenorum.
956 3485 1109 3577 Cumque
1125 3485 1182 3555 itte
1196 3503 1348 3574 praeses,

326 3618 383 3708 qui
411 3639 471 3690 eos
497 3618 532 3689 in
560 3636 732 3690 caroerem
760 3619 935 3708 mittebat,
964 3619 1008 3690 ad
1035 3617 1199 3709 palatium
1229 3615 1346 3687 renie-

326 3748 392 3840 Μ
420 3749 479 3822 iile
505 3750 676 3843 numm,
706 3751 764 3840 qni
792 3771 867 3822 cnm
895 3751 961 3824 illis
986 3749 1021 3821 in
1056 3767 1193 3821 waere
1225 3746 1346 3839 loque·
