3368 4650
1256 573 1301 639 48

277 755 465 831 terrilfflem
506 754 780 848 horrendamque
831 761 1068 834 eructuantem
1110 757 1154 831 de
1194 759 1302 850 puteo

274 892 444 967 maumam
471 911 654 985 erumpere
682 890 839 984 videbat,
868 893 912 966 ad
941 894 1051 967 instar
1076 892 1218 966 tonitrui
1245 897 1299 965 to·

274 1030 396 1101 nantia
442 1026 498 1101 Sic
539 1028 709 1102 dammam
744 1047 903 1120 magnam
942 1036 978 1104 et
1016 1028 1098 1103 dimi
1136 1048 1298 1121 vaporem

274 1159 374 1231 valde
411 1160 555 1235 sublime
594 1163 630 1234 in
663 1162 773 1235 altum
812 1162 1058 1238 ascendentem
1098 1161 1297 1239 terribiliter

273 1291 479 1365 intuebatur.
541 1292 604 1366 Ille
640 1315 780 1387 pumex,
815 1316 916 1388 quem
950 1297 1137 1388 scriptores
1170 1296 1298 1370 babere

272 1424 398 1496 uolent:
432 1424 526 1495 illam
566 1424 705 1498 videbat
737 1427 780 1498 de
814 1427 946 1503 inferno
981 1431 1224 1504 escendentem
1259 1436 1296 1503 et

274 1578 349 1630 cum
378 1555 513 1627 damma
540 1557 733 1648 projectum
766 1566 870 1651 atque
902 1564 936 1633 in
964 1583 1061 1633 mare
1087 1565 1234 1636 arcitum
1262 1568 1321 1634 et-

276 1697 357 1762 tnnc
387 1690 511 1761 itcmm
540 1690 583 1761 dc
611 1691 697 1761 mari
724 1692 919 1784 projectum
948 1696 983 1765 in
1010 1693 1150 1781 aridam,
1180 1699 1216 1765 ct
1236 1693 1297 1764 bo-

272 1824 378 1896 minea
404 1822 529 1894 tollunt
554 1843 632 1896 eum
659 1827 695 1893 et
721 1823 801 1896 inde
829 1823 968 1897 ducum.

271 2163 388 2233 ml
435 2162 546 2230 lnanla
575 2162 698 2246 mpura
727 2179 797 2230 oum
829 2162 964 2231 omleala
992 2182 1017 2231 a.
1052 2164 1292 2232 Bartholomuai

271 2270 420 2356 apuatoll,
444 2268 517 2336 datu
540 2273 661 2336 montes
672 2268 988 2444 Βέᾚὶἔωροω
1008 2271 1126 2354 capua,
1144 2272 1292 2351 laeuum,

349 2622 539 2712 Statimque
578 2627 671 2712 post,
714 2621 786 2693 istis
824 2620 995 2696 horribilia
1033 2644 1093 2695 oen
1128 2624 1292 2696 terribilia

266 2757 353 2849 ignia
371 2754 572 2846 flagrantiae
593 2754 777 2844 veperibus
796 2753 1031 2826 flammivomis
1052 2763 1089 2826 et
1112 2756 1195 2829 lumi
1218 2757 1290 2829 ioe-

266 2890 346 2963 tidie
372 2887 545 2976 namabilis,
575 2886 740 2958 amioum
764 2889 965 2980 spectaculis
986 2886 1181 2978 exploratis,
1210 2889 1289 2962 inde

266 3022 420 3095 levantes
452 3042 490 3093 ae
524 3020 772 3107 negaverunt
797 3021 841 3092 ad
870 3020 1095 3094 ecclesiam
1128 3043 1156 3093 s.
1187 3022 1287 3095 Bar·

264 3154 499 3226 tholomaei
531 3151 694 3245 apostoli,
733 3174 820 3245 qnae
854 3159 925 3226 stat
957 3153 991 3224 in
1027 3153 1142 3224 littore
1171 3155 1285 3242 maris,

264 3294 301 3360 et
328 3295 495 3359 venerunt
528 3286 571 3358 ad
606 3285 683 3358 illos
715 3294 893 3377 montes,
932 3288 990 3379 qni
1017 3294 1096 3359 aunt
1123 3287 1286 3358 nominati

265 3419 445 3510 Didymi.
496 3418 546 3491 Et
572 3420 618 3493 ibi
648 3427 786 3492 orantes
812 3421 996 3495 metuebant
1024 3441 1123 3492 unam
1153 3429 1285 3492 noctem

264 3552 339 3624 illic
385 3549 434 3624 lit
460 3551 538 3625 inde
566 3554 764 3641 navigantes
792 3553 1020 3627 veneruntad
1045 3553 1176 3641 urbem,
1197 3573 1284 3644 quae

265 3692 406 3758 vocabar
431 3684 647 3777 Neapolis.
680 3681 730 3757 lbi
758 3695 858 3758 erant
888 3689 1012 3760 multos
1041 3686 1124 3759 dies.
1166 3686 1284 3758 miest

261 3816 363 3894 aedae
402 3814 660 3912 mmiepuoopi,
699 3824 737 3892 et
773 3838 899 3911 magna
938 3820 1084 3913 dignitas
1111 3820 1186 3915 ejus
1213 3818 1283 3893 illic
