3368 4650
391 485 456 552 166

469 665 564 735 Ante
590 665 726 751 portem
751 659 942 731 Jerusalem
965 658 1067 749 juxta
1093 657 1223 746 lacum,
1252 658 1309 747 qui
1335 678 1406 729 res-

388 798 474 888 picit
506 792 698 879 meridiem,
736 810 839 861 carea
871 788 933 859 illa
962 787 1115 877 videtur,
1154 787 1191 858 in
1219 809 1319 879 quam
1350 789 1406 860 leo

391 927 543 1021 quidam,
582 925 678 1016 jussu
711 921 776 993 Dei
815 920 1072 1011 omnipotentia,
1113 925 1300 1012 martyrum
1334 919 1406 995 lere

388 1060 569 1135 duodecim
594 1055 699 1128 millia
728 1054 788 1127 sub
809 1050 939 1126 Gosroc
963 1061 1119 1145 peremta
1143 1054 1270 1128 detulit
1294 1061 1403 1129 nocte.

390 1193 490 1268 Unde
518 1198 554 1264 et
581 1188 819 1261 carnarium
845 1187 988 1261 lconis
1016 1189 1153 1262 dicitur.

469 1322 624 1398 Secundo
651 1320 804 1393 milliario
831 1320 875 1394 ab
893 1319 1087 1395 Jerusalem
1108 1323 1173 1414 via,
1203 1344 1291 1416 quae
1317 1324 1406 1398 ducit

389 1456 534 1547 Sichem,
562 1476 660 1527 mons
686 1452 826 1526 Gabaa
851 1453 886 1524 in
913 1455 1006 1528 tribu
1033 1455 1225 1550 Benjamin.

470 1589 631 1662 Milliario
659 1609 680 1660 a
705 1586 906 1679 Jerusalem,
933 1589 969 1661 iu
997 1592 1153 1664 accubitu
1181 1594 1307 1666 montis
1334 1591 1405 1666 Oli·

389 1727 469 1816 veti,
497 1745 614 1796 mons
641 1719 901 1796 offensionis
925 1729 962 1797 et
981 1724 1176 1812 continuus;
1203 1725 1327 1797 dividit
1345 1746 1405 1796 au·

387 1866 457 1933 tem
477 1878 535 1930 cos
553 1859 620 1948 via,
645 1857 794 1948 quaeda
814 1856 982 1948 losephat
1002 1879 1068 1948 per
1087 1857 1290 1949 Bethphage
1308 1858 1404 1930 ducit

386 1991 602 2065 Bethaniam.
667 1989 785 2062 Dictus
823 2012 922 2063 mous
964 1989 1183 2082 Offensiouis,
1232 2012 1274 2064 eo
1314 1990 1403 2080 quod

388 2122 546 2196 Salomon
586 2122 620 2191 in
660 2142 702 2192 en
743 2122 870 2195 idolum
910 2125 1024 2213 posuit
1064 2125 1216 2215 moloch,
1259 2123 1404 2196 adorans

384 2276 474 2328 curn.
575 2320 582 2325 ,,

467 2385 581 2478 Prope
604 2387 705 2478 juxta
723 2385 924 2477 denuselem,
953 2389 1016 2462 sub
1038 2386 1228 2462 Salomonis
1254 2386 1403 2476 regiain

386 2520 556 2615 accubitu,
586 2520 622 2589 iu
650 2519 737 2590 valle
761 2518 925 2611 iosaphat
952 2523 1172 2594 natatoria
1198 2520 1330 2609 Silue,
1359 2518 1401 2590 ad

388 2675 485 2744 quam
514 2672 653 2725 coecum
681 2653 785 2725 ab'ea
802 2653 1025 2728 illuminatum
1047 2657 1139 2728 misit
1157 2653 1267 2748 lesus,
1296 2658 1334 2723 ut
1359 2652 1402 2723 ab

386 2808 428 2859 ea
454 2787 588 2858 lavaret
616 2786 731 2858 oculos
757 2808 845 2859 suos.
887 2787 953 2876 Qui
981 2789 1100 2862 abiens
1128 2787 1211 2858 lavit
1239 2790 1276 2857 et
1304 2783 1399 2855 vidit.

266 2906 277 2917 ”
384 2919 479 3010 Ergo
508 2917 599 2990 Silue
626 2920 868 3011 interpretatur
894 2922 1024 2996 missus
1080 2919 1158 2994 Nou
1184 2891 1233 2991 ad
1259 2914 1400 2990 eandam

384 3074 505 3146 nquam
533 3049 702 3143 Naaman,
738 3054 894 3146 princeps
922 3053 1057 3146 Syriae,
1093 3054 1211 3125 missus
1240 3057 1307 3141 est,
1341 3051 1400 3123 sed

384 3188 427 3259 ad
453 3184 641 3259 Jordanem
669 3187 711 3258 ab
738 3185 897 3259 Helisaeo
930 3189 1120 3281 propheta,
1150 3188 1251 3258 utin
1279 3206 1319 3258 eo
1347 3191 1401 3257 ter

384 3321 475 3393 lotus
505 3323 687 3391 curaretur
713 3340 734 3392 a
758 3320 870 3412 lepra:
902 3343 1002 3413 quam
1035 3323 1109 3412 ipse
1142 3320 1276 3392 intuens
1307 3319 1399 3411 quasi

383 3476 457 3527 cum
492 3454 724 3543 indignatione
760 3456 893 3527 intulit:
927 3453 1114 3548 Numquid
1148 3453 1400 3544 Plomma

382 3585 510 3661 Adeon
537 3612 607 3662 noa
632 3589 773 3663 meliore
799 3594 878 3663 aunt
909 3588 1070 3682 flumina,
1095 3587 1236 3678 scilicet,
1262 3591 1399 3658 nostrae

381 3722 596 3813 provinciae?
643 3723 792 3796 Tandem
819 3730 931 3797 tamen
959 3722 1096 3796 monitis
1123 3721 1213 3795 servi
1243 3721 1295 3792 sui
1320 3738 1398 3791 con·
