<?xml version="1.0" encoding="UTF-8"?>
<!DOCTYPE html PUBLIC "-//W3C//DTD XHTML 1.0 Transitional//EN"
    "http://www.w3.org/TR/xhtml1/DTD/xhtml1-transitional.dtd">
<html xmlns="http://www.w3.org/1999/xhtml" xml:lang="en" lang="en">
 <head>
  <title>
</title>
<meta http-equiv="Content-Type" content="text/html;charset=utf-8" />
  <meta name='ocr-system' content='tesseract 3.04.00' />
  <meta name='ocr-capabilities' content='ocr_page ocr_carea ocr_par ocr_line ocrx_word'/>
</head>
<body>
  <div class='ocr_page' id='page_1' title='image "./descriptioneste00toblgoog_0109.png"; bbox 0 0 3368 4650; ppageno 0'>
   <div class='ocr_carea' id='block_1_1' title="bbox 332 501 376 572">
    <p class='ocr_par' dir='ltr' id='par_1_1' title="bbox 332 501 376 572">
     <span class='ocr_line' id='line_1_1' title="bbox 332 501 376 572; baseline 0 0"><span class='ocrx_word' id='word_1_1' title='bbox 332 501 376 572; x_wconf 80' lang='lat'><strong>98</strong></span> 
     </span>
    </p>
   </div>
   <div class='ocr_carea' id='block_1_2' title="bbox 328 674 1374 3806">
    <p class='ocr_par' dir='ltr' id='par_1_2' title="bbox 331 674 1353 1962">
     <span class='ocr_line' id='line_1_2' title="bbox 332 674 1349 766; baseline -0.006 -12"><span class='ocrx_word' id='word_1_2' title='bbox 332 679 503 754; x_wconf 74' lang='lat' dir='ltr'><strong>redundat</strong></span> <span class='ocrx_word' id='word_1_3' title='bbox 541 696 635 748; x_wconf 90' lang='lat' dir='ltr'><strong>mare</strong></span> <span class='ocrx_word' id='word_1_4' title='bbox 673 678 824 766; x_wconf 89' lang='lat' dir='ltr'><strong>quotidie</strong></span> <span class='ocrx_word' id='word_1_5' title='bbox 864 676 995 752; x_wconf 89' lang='lat' dir='ltr'><strong>duabus</strong></span> <span class='ocrx_word' id='word_1_6' title='bbox 1022 674 1166 765; x_wconf 85' lang='lat' dir='ltr'><strong>vicibus,</strong></span> <span class='ocrx_word' id='word_1_7' title='bbox 1210 677 1245 749; x_wconf 91' lang='lat' dir='ltr'><strong>id</strong></span> <span class='ocrx_word' id='word_1_8' title='bbox 1287 681 1349 764; x_wconf 83' lang='lat' dir='ltr'><strong>est,</strong></span> 
     </span>
     <span class='ocr_line' id='line_1_3' title="bbox 332 805 1348 902; baseline -0.004 -20"><span class='ocrx_word' id='word_1_9' title='bbox 332 829 431 882; x_wconf 86' lang='lat' dir='ltr'><strong>mane</strong></span> <span class='ocrx_word' id='word_1_10' title='bbox 465 813 502 879; x_wconf 87' lang='lat' dir='ltr'><strong>et</strong></span> <span class='ocrx_word' id='word_1_11' title='bbox 530 828 687 898; x_wconf 84' lang='lat' dir='ltr'><strong>vespere,</strong></span> <span class='ocrx_word' id='word_1_12' title='bbox 726 815 762 880; x_wconf 88' lang='lat' dir='ltr'><strong>et</strong></span> <span class='ocrx_word' id='word_1_13' title='bbox 795 829 863 881; x_wconf 92' lang='lat' dir='ltr'><strong>non</strong></span> <span class='ocrx_word' id='word_1_14' title='bbox 896 814 1038 902; x_wconf 84' lang='lat' dir='ltr'><strong>possunt</strong></span> <span class='ocrx_word' id='word_1_15' title='bbox 1070 806 1226 880; x_wconf 88' lang='lat' dir='ltr'><strong>homines</strong></span> <span class='ocrx_word' id='word_1_16' title='bbox 1253 805 1348 878; x_wconf 86' lang='lat' dir='ltr'><strong>adire</strong></span> 
     </span>
     <span class='ocr_line' id='line_1_4' title="bbox 332 936 1353 1032; baseline -0.002 -18"><span class='ocrx_word' id='word_1_17' title='bbox 332 946 501 1032; x_wconf 91' lang='lat' dir='ltr'><strong>montem,</strong></span> <span class='ocrx_word' id='word_1_18' title='bbox 540 936 648 1012; x_wconf 86' lang='lat' dir='ltr'><strong>donec</strong></span> <span class='ocrx_word' id='word_1_19' title='bbox 687 959 782 1012; x_wconf 91' lang='lat' dir='ltr'><strong>mare</strong></span> <span class='ocrx_word' id='word_1_20' title='bbox 821 940 1015 1015; x_wconf 82' lang='lat' dir='ltr'><strong>recesserit.</strong></span> <span class='ocrx_word' id='word_1_21' title='bbox 1087 938 1128 1012; x_wconf 95' lang='lat' dir='ltr'><strong>In</strong></span> <span class='ocrx_word' id='word_1_22' title='bbox 1168 938 1353 1013; x_wconf 85' lang='lat' dir='ltr'><strong>festivitate</strong></span> 
     </span>
     <span class='ocr_line' id='line_1_5' title="bbox 332 1071 1352 1168; baseline -0.008 -19"><span class='ocrx_word' id='word_1_23' title='bbox 332 1080 448 1149; x_wconf 90' lang='lat' dir='ltr'><strong>autem</strong></span> <span class='ocrx_word' id='word_1_24' title='bbox 481 1073 589 1145; x_wconf 87' lang='lat' dir='ltr'><strong>sancti</strong></span> <span class='ocrx_word' id='word_1_25' title='bbox 623 1071 801 1144; x_wconf 82' lang='lat' dir='ltr'><strong>Michaelis</strong></span> <span class='ocrx_word' id='word_1_26' title='bbox 834 1093 901 1145; x_wconf 94' lang='lat' dir='ltr'><strong>non</strong></span> <span class='ocrx_word' id='word_1_27' title='bbox 935 1075 1157 1168; x_wconf 77' lang='lat' dir='ltr'><strong>conjungitur</strong></span> <span class='ocrx_word' id='word_1_28' title='bbox 1189 1092 1284 1146; x_wconf 86' lang='lat' dir='ltr'><strong>mane</strong></span> <span class='ocrx_word' id='word_1_29' title='bbox 1317 1071 1352 1142; x_wconf 93' lang='lat' dir='ltr'><strong>in</strong></span> 
     </span>
     <span class='ocr_line' id='line_1_6' title="bbox 332 1205 1351 1299; baseline 0.005 -20"><span class='ocrx_word' id='word_1_30' title='bbox 332 1205 554 1279; x_wconf 88' lang='lat' dir='ltr'><strong>redundando</strong></span> <span class='ocrx_word' id='word_1_31' title='bbox 593 1207 628 1276; x_wconf 90' lang='lat' dir='ltr'><strong>in</strong></span> <span class='ocrx_word' id='word_1_32' title='bbox 671 1205 816 1278; x_wconf 86' lang='lat' dir='ltr'><strong>circuitu</strong></span> <span class='ocrx_word' id='word_1_33' title='bbox 859 1207 949 1280; x_wconf 91' lang='lat' dir='ltr'><strong>illius</strong></span> <span class='ocrx_word' id='word_1_34' title='bbox 986 1210 1126 1299; x_wconf 90' lang='lat' dir='ltr'><strong>montis,</strong></span> <span class='ocrx_word' id='word_1_35' title='bbox 1172 1207 1233 1283; x_wconf 86' lang='lat' dir='ltr'><strong>sed</strong></span> <span class='ocrx_word' id='word_1_36' title='bbox 1274 1210 1351 1297; x_wconf 71' lang='lat' dir='ltr'><strong>stat,</strong></span> 
     </span>
     <span class='ocr_line' id='line_1_7' title="bbox 331 1337 1353 1427; baseline 0 -17"><span class='ocrx_word' id='word_1_37' title='bbox 331 1337 376 1410; x_wconf 92' lang='lat' dir='ltr'><strong>ad</strong></span> <span class='ocrx_word' id='word_1_38' title='bbox 402 1337 509 1408; x_wconf 89' lang='lat' dir='ltr'><strong>instar</strong></span> <span class='ocrx_word' id='word_1_39' title='bbox 535 1358 721 1427; x_wconf 91' lang='lat' dir='ltr'><strong>murorum,</strong></span> <span class='ocrx_word' id='word_1_40' title='bbox 750 1359 772 1410; x_wconf 92' lang='lat' dir='ltr'><strong>a</strong></span> <span class='ocrx_word' id='word_1_41' title='bbox 798 1338 925 1414; x_wconf 83' lang='lat' dir='ltr'><strong>dextris</strong></span> <span class='ocrx_word' id='word_1_42' title='bbox 953 1346 991 1414; x_wconf 89' lang='lat' dir='ltr'><strong>at</strong></span> <span class='ocrx_word' id='word_1_43' title='bbox 1018 1362 1040 1413; x_wconf 91' lang='lat' dir='ltr'><strong>a</strong></span> <span class='ocrx_word' id='word_1_44' title='bbox 1065 1342 1218 1415; x_wconf 84' lang='lat' dir='ltr'><strong>sinistris.</strong></span> <span class='ocrx_word' id='word_1_45' title='bbox 1257 1338 1305 1412; x_wconf 87' lang='lat' dir='ltr'><strong>Et</strong></span> <span class='ocrx_word' id='word_1_46' title='bbox 1318 1340 1353 1411; x_wconf 95' lang='lat' dir='ltr'><strong>in</strong></span> 
     </span>
     <span class='ocr_line' id='line_1_8' title="bbox 332 1468 1352 1568; baseline 0.002 -26"><span class='ocrx_word' id='word_1_47' title='bbox 332 1473 406 1562; x_wconf 87' lang='lat' dir='ltr'><strong>ipso</strong></span> <span class='ocrx_word' id='word_1_48' title='bbox 441 1468 497 1542; x_wconf 90' lang='lat' dir='ltr'><strong>die</strong></span> <span class='ocrx_word' id='word_1_49' title='bbox 537 1470 677 1544; x_wconf 85' lang='lat' dir='ltr'><strong>solemni</strong></span> <span class='ocrx_word' id='word_1_50' title='bbox 716 1480 860 1562; x_wconf 86' lang='lat' dir='ltr'><strong>possunt</strong></span> <span class='ocrx_word' id='word_1_51' title='bbox 900 1495 1034 1566; x_wconf 90' lang='lat' dir='ltr'><strong>omues,</strong></span> <span class='ocrx_word' id='word_1_52' title='bbox 1077 1477 1268 1568; x_wconf 84' lang='lat' dir='ltr'><strong>quicunqne</strong></span> <span class='ocrx_word' id='word_1_53' title='bbox 1308 1471 1352 1544; x_wconf 93' lang='lat' dir='ltr'><strong>ad</strong></span> 
     </span>
     <span class='ocr_line' id='line_1_9' title="bbox 331 1603 1347 1695; baseline -0.001 -18"><span class='ocrx_word' id='word_1_54' title='bbox 331 1603 519 1677; x_wconf 88' lang='lat' dir='ltr'><strong>orationem</strong></span> <span class='ocrx_word' id='word_1_55' title='bbox 554 1605 727 1695; x_wconf 87' lang='lat' dir='ltr'><strong>venerint,</strong></span> <span class='ocrx_word' id='word_1_56' title='bbox 762 1607 916 1682; x_wconf 89' lang='lat' dir='ltr'><strong>omnibus</strong></span> <span class='ocrx_word' id='word_1_57' title='bbox 943 1610 1036 1682; x_wconf 88' lang='lat' dir='ltr'><strong>boris</strong></span> <span class='ocrx_word' id='word_1_58' title='bbox 1063 1609 1159 1682; x_wconf 91' lang='lat' dir='ltr'><strong>adire</strong></span> <span class='ocrx_word' id='word_1_59' title='bbox 1186 1611 1347 1695; x_wconf 91' lang='lat' dir='ltr'><strong>montem,</strong></span> 
     </span>
     <span class='ocr_line' id='line_1_10' title="bbox 333 1735 1353 1832; baseline 0 -24"><span class='ocrx_word' id='word_1_60' title='bbox 333 1735 424 1827; x_wconf 89' lang='lat' dir='ltr'><strong>quod</strong></span> <span class='ocrx_word' id='word_1_61' title='bbox 463 1741 577 1809; x_wconf 64' lang='lat' dir='ltr'><strong>umen</strong></span> <span class='ocrx_word' id='word_1_62' title='bbox 617 1737 692 1810; x_wconf 86' lang='lat' dir='ltr'><strong>aliis</strong></span> <span class='ocrx_word' id='word_1_63' title='bbox 731 1738 849 1813; x_wconf 87' lang='lat' dir='ltr'><strong>diebus</strong></span> <span class='ocrx_word' id='word_1_64' title='bbox 884 1762 951 1814; x_wconf 91' lang='lat' dir='ltr'><strong>non</strong></span> <span class='ocrx_word' id='word_1_65' title='bbox 992 1746 1146 1832; x_wconf 82' lang='lat' dir='ltr'><strong>possunt</strong></span> <span class='ocrx_word' id='word_1_66' title='bbox 1213 1740 1264 1812; x_wconf 91' lang='lat' dir='ltr'><strong>lbi</strong></span> <span class='ocrx_word' id='word_1_67' title='bbox 1300 1741 1353 1808; x_wconf 90' lang='lat' dir='ltr'><strong>est</strong></span> 
     </span>
     <span class='ocr_line' id='line_1_11' title="bbox 331 1867 857 1962; baseline 0.006 -23"><span class='ocrx_word' id='word_1_68' title='bbox 331 1869 438 1941; x_wconf 90' lang='lat' dir='ltr'><strong>abbas</strong></span> <span class='ocrx_word' id='word_1_69' title='bbox 465 1867 727 1962; x_wconf 88' lang='lat' dir='ltr'><strong>Pbinimontius,</strong></span> <span class='ocrx_word' id='word_1_70' title='bbox 756 1873 857 1945; x_wconf 88' lang='lat' dir='ltr'><strong>brito.</strong></span> 
     </span>
    </p>

    <p class='ocr_par' dir='ltr' id='par_1_3' title="bbox 328 1999 1374 3806">
     <span class='ocr_line' id='line_1_12' title="bbox 413 1999 1349 2094; baseline -0.002 -23"><span class='ocrx_word' id='word_1_71' title='bbox 413 2005 475 2074; x_wconf 85' lang='lat'><strong>22.</strong></span> <span class='ocrx_word' id='word_1_72' title='bbox 509 1999 660 2074; x_wconf 78' lang='lat' dir='ltr'><strong>Tandem</strong></span> <span class='ocrx_word' id='word_1_73' title='bbox 689 2023 754 2094; x_wconf 82' lang='lat' dir='ltr'><strong>ego</strong></span> <span class='ocrx_word' id='word_1_74' title='bbox 782 2004 859 2074; x_wconf 85' lang='lat' dir='ltr'><strong>dico</strong></span> <span class='ocrx_word' id='word_1_75' title='bbox 887 2003 1001 2090; x_wconf 86' lang='lat' dir='ltr'><strong>vobis,</strong></span> <span class='ocrx_word' id='word_1_76' title='bbox 1031 2003 1203 2091; x_wconf 89' lang='lat' dir='ltr'><strong>quomodo</strong></span> <span class='ocrx_word' id='word_1_77' title='bbox 1230 2003 1349 2073; x_wconf 91' lang='lat' dir='ltr'><strong>tenent</strong></span> 
     </span>
     <span class='ocr_line' id='line_1_13' title="bbox 330 2112 1349 2223; baseline -0.007 -16"><span class='ocrx_word' id='word_1_78' title='bbox 330 2112 499 2207; x_wconf 75' lang='lat' dir='ltr'><strong>cmisfiani</strong></span> <span class='ocrx_word' id='word_1_79' title='bbox 538 2132 649 2223; x_wconf 80' lang='lat' dir='ltr'><strong>legem</strong></span> <span class='ocrx_word' id='word_1_80' title='bbox 676 2135 742 2206; x_wconf 92' lang='lat' dir='ltr'><strong>Dei</strong></span> <span class='ocrx_word' id='word_1_81' title='bbox 779 2135 851 2205; x_wconf 84' lang='lat' dir='ltr'><strong>siva</strong></span> <span class='ocrx_word' id='word_1_82' title='bbox 887 2135 921 2205; x_wconf 91' lang='lat' dir='ltr'><strong>in</strong></span> <span class='ocrx_word' id='word_1_83' title='bbox 953 2133 1162 2222; x_wconf 82' lang='lat' dir='ltr'><strong>Jerusalem,</strong></span> <span class='ocrx_word' id='word_1_84' title='bbox 1205 2133 1278 2203; x_wconf 86' lang='lat' dir='ltr'><strong>sive</strong></span> <span class='ocrx_word' id='word_1_85' title='bbox 1314 2131 1349 2201; x_wconf 91' lang='lat' dir='ltr'><strong>in</strong></span> 
     </span>
     <span class='ocr_line' id='line_1_14' title="bbox 330 2263 1350 2355; baseline -0.005 -18"><span class='ocrx_word' id='word_1_86' title='bbox 330 2267 503 2355; x_wconf 81' lang='lat' dir='ltr'><strong>Aegypto.</strong></span> <span class='ocrx_word' id='word_1_87' title='bbox 558 2263 742 2335; x_wconf 81' lang='lat' dir='ltr'><strong>Christiani</strong></span> <span class='ocrx_word' id='word_1_88' title='bbox 770 2269 807 2334; x_wconf 93' lang='lat' dir='ltr'><strong>et</strong></span> <span class='ocrx_word' id='word_1_89' title='bbox 831 2266 956 2354; x_wconf 81' lang='lat' dir='ltr'><strong>pagani</strong></span> <span class='ocrx_word' id='word_1_90' title='bbox 984 2263 1088 2337; x_wconf 64' lang='lat' dir='ltr'><strong>mem</strong></span> <span class='ocrx_word' id='word_1_91' title='bbox 1115 2282 1235 2353; x_wconf 90' lang='lat' dir='ltr'><strong>paoem</strong></span> <span class='ocrx_word' id='word_1_92' title='bbox 1261 2263 1350 2334; x_wconf 90' lang='lat' dir='ltr'><strong>inter</strong></span> 
     </span>
     <span class='ocr_line' id='line_1_15' title="bbox 329 2394 1348 2486; baseline -0.004 -17"><span class='ocrx_word' id='word_1_93' title='bbox 329 2417 366 2469; x_wconf 89' lang='lat' dir='ltr'><strong>se</strong></span> <span class='ocrx_word' id='word_1_94' title='bbox 393 2395 535 2486; x_wconf 90' lang='lat' dir='ltr'><strong>positam</strong></span> <span class='ocrx_word' id='word_1_95' title='bbox 564 2394 692 2467; x_wconf 90' lang='lat' dir='ltr'><strong>habent</strong></span> <span class='ocrx_word' id='word_1_96' title='bbox 716 2394 779 2483; x_wconf 92' lang='lat' dir='ltr'><strong>ibi,</strong></span> <span class='ocrx_word' id='word_1_97' title='bbox 815 2400 873 2486; x_wconf 93' lang='lat' dir='ltr'><strong>ut,</strong></span> <span class='ocrx_word' id='word_1_98' title='bbox 909 2397 937 2467; x_wconf 91' lang='lat' dir='ltr'><strong>si</strong></span> <span class='ocrx_word' id='word_1_99' title='bbox 972 2395 1039 2466; x_wconf 91' lang='lat' dir='ltr'><strong>iter</strong></span> <span class='ocrx_word' id='word_1_100' title='bbox 1073 2415 1212 2484; x_wconf 81' lang='lat' dir='ltr'><strong>agerem</strong></span> <span class='ocrx_word' id='word_1_101' title='bbox 1247 2401 1282 2466; x_wconf 88' lang='lat' dir='ltr'><strong>et</strong></span> <span class='ocrx_word' id='word_1_102' title='bbox 1314 2394 1348 2465; x_wconf 92' lang='lat' dir='ltr'><strong>in</strong></span> 
     </span>
     <span class='ocr_line' id='line_1_16' title="bbox 330 2524 1347 2618; baseline 0 -20"><span class='ocrx_word' id='word_1_103' title='bbox 330 2528 451 2600; x_wconf 88' lang='lat' dir='ltr'><strong>itinere</strong></span> <span class='ocrx_word' id='word_1_104' title='bbox 477 2527 551 2618; x_wconf 92' lang='lat' dir='ltr'><strong>ipso</strong></span> <span class='ocrx_word' id='word_1_105' title='bbox 579 2532 733 2599; x_wconf 87' lang='lat' dir='ltr'><strong>mortuns</strong></span> <span class='ocrx_word' id='word_1_106' title='bbox 761 2524 860 2599; x_wconf 87' lang='lat' dir='ltr'><strong>fieret</strong></span> <span class='ocrx_word' id='word_1_107' title='bbox 886 2549 982 2600; x_wconf 88' lang='lat' dir='ltr'><strong>meus</strong></span> <span class='ocrx_word' id='word_1_108' title='bbox 1015 2529 1165 2600; x_wconf 85' lang='lat' dir='ltr'><strong>camelus</strong></span> <span class='ocrx_word' id='word_1_109' title='bbox 1192 2533 1254 2599; x_wconf 90' lang='lat' dir='ltr'><strong>aut</strong></span> <span class='ocrx_word' id='word_1_110' title='bbox 1281 2527 1347 2606; x_wconf 89' lang='lat' dir='ltr'><strong>asi-</strong></span> 
     </span>
     <span class='ocr_line' id='line_1_17' title="bbox 328 2658 1345 2751; baseline -0.002 -20"><span class='ocrx_word' id='word_1_111' title='bbox 328 2681 400 2750; x_wconf 88' lang='lat' dir='ltr'><strong>nus,</strong></span> <span class='ocrx_word' id='word_1_112' title='bbox 429 2660 487 2750; x_wconf 87' lang='lat' dir='ltr'><strong>qui</strong></span> <span class='ocrx_word' id='word_1_113' title='bbox 513 2679 624 2731; x_wconf 89' lang='lat' dir='ltr'><strong>meam</strong></span> <span class='ocrx_word' id='word_1_114' title='bbox 651 2665 791 2748; x_wconf 85' lang='lat' dir='ltr'><strong>gereret</strong></span> <span class='ocrx_word' id='word_1_115' title='bbox 815 2666 1069 2751; x_wconf 88' lang='lat' dir='ltr'><strong>paupertatem,</strong></span> <span class='ocrx_word' id='word_1_116' title='bbox 1106 2667 1142 2732; x_wconf 90' lang='lat' dir='ltr'><strong>et</strong></span> <span class='ocrx_word' id='word_1_117' title='bbox 1168 2660 1214 2731; x_wconf 94' lang='lat' dir='ltr'><strong>ibi</strong></span> <span class='ocrx_word' id='word_1_118' title='bbox 1242 2658 1345 2732; x_wconf 90' lang='lat' dir='ltr'><strong>relin-</strong></span> 
     </span>
     <span class='ocr_line' id='line_1_18' title="bbox 331 2791 1348 2882; baseline -0.005 -19"><span class='ocrx_word' id='word_1_119' title='bbox 331 2811 471 2882; x_wconf 88' lang='lat' dir='ltr'><strong>querem</strong></span> <span class='ocrx_word' id='word_1_120' title='bbox 499 2791 611 2863; x_wconf 90' lang='lat' dir='ltr'><strong>omnia</strong></span> <span class='ocrx_word' id='word_1_121' title='bbox 637 2811 713 2862; x_wconf 88' lang='lat' dir='ltr'><strong>mea</strong></span> <span class='ocrx_word' id='word_1_122' title='bbox 745 2791 818 2862; x_wconf 92' lang='lat' dir='ltr'><strong>sine</strong></span> <span class='ocrx_word' id='word_1_123' title='bbox 852 2793 991 2865; x_wconf 84' lang='lat' dir='ltr'><strong>custode</strong></span> <span class='ocrx_word' id='word_1_124' title='bbox 1019 2798 1055 2863; x_wconf 92' lang='lat' dir='ltr'><strong>et</strong></span> <span class='ocrx_word' id='word_1_125' title='bbox 1082 2793 1168 2863; x_wconf 75' lang='lat' dir='ltr'><strong>bem</strong></span> <span class='ocrx_word' id='word_1_126' title='bbox 1194 2792 1238 2863; x_wconf 93' lang='lat' dir='ltr'><strong>ad</strong></span> <span class='ocrx_word' id='word_1_127' title='bbox 1265 2791 1348 2862; x_wconf 83' lang='lat' dir='ltr'><strong>eivi-</strong></span> 
     </span>
     <span class='ocr_line' id='line_1_19' title="bbox 330 2922 1346 3013; baseline 0.003 -22"><span class='ocrx_word' id='word_1_128' title='bbox 330 2928 438 2993; x_wconf 90' lang='lat' dir='ltr'><strong>tatem</strong></span> <span class='ocrx_word' id='word_1_129' title='bbox 466 2928 607 3012; x_wconf 88' lang='lat' dir='ltr'><strong>propter</strong></span> <span class='ocrx_word' id='word_1_130' title='bbox 622 2922 735 3013; x_wconf 90' lang='lat' dir='ltr'><strong>alium,</strong></span> <span class='ocrx_word' id='word_1_131' title='bbox 765 2942 842 3012; x_wconf 81' lang='lat' dir='ltr'><strong>ego,</strong></span> <span class='ocrx_word' id='word_1_132' title='bbox 874 2944 950 2995; x_wconf 87' lang='lat' dir='ltr'><strong>oum</strong></span> <span class='ocrx_word' id='word_1_133' title='bbox 965 2924 1112 3013; x_wconf 88' lang='lat' dir='ltr'><strong>rediero,</strong></span> <span class='ocrx_word' id='word_1_134' title='bbox 1143 2924 1346 2996; x_wconf 87' lang='lat' dir='ltr'><strong>omniamea</strong></span> 
     </span>
     <span class='ocr_line' id='line_1_20' title="bbox 329 3053 1348 3146; baseline 0.004 -22"><span class='ocrx_word' id='word_1_135' title='bbox 329 3053 448 3125; x_wconf 89' lang='lat' dir='ltr'><strong>illaesa</strong></span> <span class='ocrx_word' id='word_1_136' title='bbox 474 3053 655 3125; x_wconf 86' lang='lat' dir='ltr'><strong>inveniam.</strong></span> <span class='ocrx_word' id='word_1_137' title='bbox 712 3054 808 3126; x_wconf 86' lang='lat' dir='ltr'><strong>Totis</strong></span> <span class='ocrx_word' id='word_1_138' title='bbox 835 3076 902 3144; x_wconf 84' lang='lat' dir='ltr'><strong>pax</strong></span> <span class='ocrx_word' id='word_1_139' title='bbox 930 3056 975 3129; x_wconf 90' lang='lat' dir='ltr'><strong>ibi</strong></span> <span class='ocrx_word' id='word_1_140' title='bbox 1004 3062 1065 3146; x_wconf 89' lang='lat' dir='ltr'><strong>est,</strong></span> <span class='ocrx_word' id='word_1_141' title='bbox 1094 3060 1142 3144; x_wconf 89' lang='lat' dir='ltr'><strong>ut,</strong></span> <span class='ocrx_word' id='word_1_142' title='bbox 1171 3056 1253 3127; x_wconf 88' lang='lat' dir='ltr'><strong>siin</strong></span> <span class='ocrx_word' id='word_1_143' title='bbox 1267 3055 1348 3128; x_wconf 82' lang='lat' dir='ltr'><strong>civi·</strong></span> 
     </span>
     <span class='ocr_line' id='line_1_21' title="bbox 329 3183 1345 3278; baseline 0.001 -23"><span class='ocrx_word' id='word_1_144' title='bbox 329 3190 404 3255; x_wconf 89' lang='lat' dir='ltr'><strong>tate</strong></span> <span class='ocrx_word' id='word_1_145' title='bbox 432 3183 488 3254; x_wconf 84' lang='lat' dir='ltr'><strong>vel</strong></span> <span class='ocrx_word' id='word_1_146' title='bbox 515 3183 550 3254; x_wconf 93' lang='lat' dir='ltr'><strong>in</strong></span> <span class='ocrx_word' id='word_1_147' title='bbox 576 3191 683 3274; x_wconf 91' lang='lat' dir='ltr'><strong>ponto</strong></span> <span class='ocrx_word' id='word_1_148' title='bbox 711 3193 770 3257; x_wconf 93' lang='lat' dir='ltr'><strong>aut</strong></span> <span class='ocrx_word' id='word_1_149' title='bbox 796 3186 830 3257; x_wconf 93' lang='lat' dir='ltr'><strong>in</strong></span> <span class='ocrx_word' id='word_1_150' title='bbox 858 3188 980 3260; x_wconf 89' lang='lat' dir='ltr'><strong>itinere</strong></span> <span class='ocrx_word' id='word_1_151' title='bbox 1006 3188 1122 3278; x_wconf 87' lang='lat' dir='ltr'><strong>aliquo</strong></span> <span class='ocrx_word' id='word_1_152' title='bbox 1150 3188 1345 3258; x_wconf 85' lang='lat' dir='ltr'><strong>invenerint</strong></span> 
     </span>
     <span class='ocr_line' id='line_1_22' title="bbox 330 3313 1348 3410; baseline 0.004 -24"><span class='ocrx_word' id='word_1_153' title='bbox 330 3313 501 3387; x_wconf 88' lang='lat' dir='ltr'><strong>bominem</strong></span> <span class='ocrx_word' id='word_1_154' title='bbox 534 3316 764 3388; x_wconf 82' lang='lat' dir='ltr'><strong>ambulantem</strong></span> <span class='ocrx_word' id='word_1_155' title='bbox 797 3337 862 3407; x_wconf 90' lang='lat' dir='ltr'><strong>per</strong></span> <span class='ocrx_word' id='word_1_156' title='bbox 894 3324 1031 3390; x_wconf 86' lang='lat' dir='ltr'><strong>noctem</strong></span> <span class='ocrx_word' id='word_1_157' title='bbox 1066 3318 1122 3389; x_wconf 82' lang='lat' dir='ltr'><strong>vel</strong></span> <span class='ocrx_word' id='word_1_158' title='bbox 1155 3319 1258 3392; x_wconf 90' lang='lat' dir='ltr'><strong>etiam</strong></span> <span class='ocrx_word' id='word_1_159' title='bbox 1284 3339 1348 3410; x_wconf 89' lang='lat' dir='ltr'><strong>per</strong></span> 
     </span>
     <span class='ocr_line' id='line_1_23' title="bbox 332 3446 1374 3541; baseline 0.007 -24"><span class='ocrx_word' id='word_1_160' title='bbox 332 3447 422 3519; x_wconf 88' lang='lat' dir='ltr'><strong>diem</strong></span> <span class='ocrx_word' id='word_1_161' title='bbox 450 3465 516 3516; x_wconf 90' lang='lat' dir='ltr'><strong>non</strong></span> <span class='ocrx_word' id='word_1_162' title='bbox 543 3446 725 3520; x_wconf 88' lang='lat' dir='ltr'><strong>habentem</strong></span> <span class='ocrx_word' id='word_1_163' title='bbox 751 3449 914 3520; x_wconf 91' lang='lat' dir='ltr'><strong>cartulam</strong></span> <span class='ocrx_word' id='word_1_164' title='bbox 941 3449 1088 3541; x_wconf 86' lang='lat' dir='ltr'><strong>aliquam</strong></span> <span class='ocrx_word' id='word_1_165' title='bbox 1116 3457 1176 3522; x_wconf 94' lang='lat' dir='ltr'><strong>aut</strong></span> <span class='ocrx_word' id='word_1_166' title='bbox 1201 3449 1374 3541; x_wconf 62' lang='lat' dir='ltr'><strong>sigillum.</strong></span> 
     </span>
     <span class='ocr_line' id='line_1_24' title="bbox 330 3578 1344 3673; baseline 0.006 -25"><span class='ocrx_word' id='word_1_167' title='bbox 330 3578 476 3670; x_wconf 85' lang='lat' dir='ltr'><strong>alicujus</strong></span> <span class='ocrx_word' id='word_1_168' title='bbox 509 3580 602 3668; x_wconf 81' lang='lat' dir='ltr'><strong>regis</strong></span> <span class='ocrx_word' id='word_1_169' title='bbox 638 3578 694 3652; x_wconf 85' lang='lat' dir='ltr'><strong>vel</strong></span> <span class='ocrx_word' id='word_1_170' title='bbox 719 3580 879 3673; x_wconf 85' lang='lat' dir='ltr'><strong>principis</strong></span> <span class='ocrx_word' id='word_1_171' title='bbox 907 3587 1023 3655; x_wconf 90' lang='lat' dir='ltr'><strong>terrae</strong></span> <span class='ocrx_word' id='word_1_172' title='bbox 1049 3583 1148 3672; x_wconf 88' lang='lat' dir='ltr'><strong>illius,</strong></span> <span class='ocrx_word' id='word_1_173' title='bbox 1177 3583 1265 3653; x_wconf 91' lang='lat' dir='ltr'><strong>illico</strong></span> <span class='ocrx_word' id='word_1_174' title='bbox 1287 3584 1344 3673; x_wconf 85' lang='lat' dir='ltr'><strong>jn-</strong></span> 
     </span>
     <span class='ocr_line' id='line_1_25' title="bbox 329 3707 1343 3806; baseline 0.005 -27"><span class='ocrx_word' id='word_1_175' title='bbox 329 3707 432 3779; x_wconf 87' lang='lat' dir='ltr'><strong>betur</strong></span> <span class='ocrx_word' id='word_1_176' title='bbox 457 3709 588 3782; x_wconf 85' lang='lat' dir='ltr'><strong>recludi</strong></span> <span class='ocrx_word' id='word_1_177' title='bbox 615 3712 648 3781; x_wconf 87' lang='lat' dir='ltr'><strong>in</strong></span> <span class='ocrx_word' id='word_1_178' title='bbox 677 3731 857 3803; x_wconf 74' lang='lat' dir='ltr'><strong>macerem,</strong></span> <span class='ocrx_word' id='word_1_179' title='bbox 886 3714 1105 3806; x_wconf 85' lang='lat' dir='ltr'><strong>quoadusque</strong></span> <span class='ocrx_word' id='word_1_180' title='bbox 1126 3713 1242 3786; x_wconf 85' lang='lat' dir='ltr'><strong>veniat</strong></span> <span class='ocrx_word' id='word_1_181' title='bbox 1259 3721 1343 3787; x_wconf 85' lang='lat' dir='ltr'><strong>tem</strong></span> 
     </span>
    </p>
   </div>
   <div class='ocr_carea' id='block_1_3' title="bbox 0 0 1688 4650">
    <p class='ocr_par' dir='ltr' id='par_1_4' title="bbox 0 0 1688 4650">
     <span class='ocr_line' id='line_1_26' title="bbox 0 0 1688 4650; baseline 0 1"><span class='ocrx_word' id='word_1_182' title='bbox 0 0 1688 4650; x_wconf 95' lang='lat' dir='ltr'><strong> </strong></span> 
     </span>
    </p>
   </div>
  </div>
 </body>
</html>
