<?xml version="1.0" encoding="UTF-8"?>
<!DOCTYPE html PUBLIC "-//W3C//DTD XHTML 1.0 Transitional//EN"
    "http://www.w3.org/TR/xhtml1/DTD/xhtml1-transitional.dtd">
<html xmlns="http://www.w3.org/1999/xhtml" xml:lang="en" lang="en">
 <head>
  <title>
</title>
<meta http-equiv="Content-Type" content="text/html;charset=utf-8" />
  <meta name='ocr-system' content='tesseract 3.04.00' />
  <meta name='ocr-capabilities' content='ocr_page ocr_carea ocr_par ocr_line ocrx_word'/>
</head>
<body>
  <div class='ocr_page' id='page_1' title='image "./descriptioneste00toblgoog_0184.png"; bbox 0 0 3368 4650; ppageno 0'>
   <div class='ocr_carea' id='block_1_1' title="bbox 1288 575 1354 644">
    <p class='ocr_par' dir='ltr' id='par_1_1' title="bbox 1288 575 1354 644">
     <span class='ocr_line' id='line_1_1' title="bbox 1288 575 1354 644; baseline 0 -1"><span class='ocrx_word' id='word_1_1' title='bbox 1288 575 1354 644; x_wconf 81' lang='lat' dir='ltr'><strong>lta</strong></span> 
     </span>
    </p>
   </div>
   <div class='ocr_carea' id='block_1_2' title="bbox 325 757 1354 2168">
    <p class='ocr_par' dir='ltr' id='par_1_2' title="bbox 327 757 1354 1267">
     <span class='ocr_line' id='line_1_2' title="bbox 328 757 1354 859; baseline -0.013 -16"><span class='ocrx_word' id='word_1_2' title='bbox 328 789 436 843; x_wconf 79' lang='lat' dir='ltr'><strong>verm</strong></span> <span class='ocrx_word' id='word_1_3' title='bbox 470 765 615 859; x_wconf 84' lang='lat' dir='ltr'><strong>quadam</strong></span> <span class='ocrx_word' id='word_1_4' title='bbox 646 765 831 858; x_wconf 88' lang='lat' dir='ltr'><strong>requiescit</strong></span> <span class='ocrx_word' id='word_1_5' title='bbox 865 783 1021 855; x_wconf 91' lang='lat' dir='ltr'><strong>corpus</strong></span> <span class='ocrx_word' id='word_1_6' title='bbox 1056 760 1176 835; x_wconf 90' lang='lat' dir='ltr'><strong>beati</strong></span> <span class='ocrx_word' id='word_1_7' title='bbox 1202 757 1354 834; x_wconf 85' lang='lat' dir='ltr'><strong>Hiero-</strong></span> 
     </span>
     <span class='ocr_line' id='line_1_3' title="bbox 328 891 1353 996; baseline -0.012 -19"><span class='ocrx_word' id='word_1_8' title='bbox 328 904 451 996; x_wconf 82' lang='lat' dir='ltr'><strong>nymi3</strong></span> <span class='ocrx_word' id='word_1_9' title='bbox 494 902 623 976; x_wconf 91' lang='lat' dir='ltr'><strong>Paula</strong></span> <span class='ocrx_word' id='word_1_10' title='bbox 654 900 792 996; x_wconf 88' lang='lat' dir='ltr'><strong>quidem</strong></span> <span class='ocrx_word' id='word_1_11' title='bbox 831 903 866 971; x_wconf 94' lang='lat' dir='ltr'><strong>et</strong></span> <span class='ocrx_word' id='word_1_12' title='bbox 892 896 1196 987; x_wconf 89' lang='lat' dir='ltr'><strong>Eustochium,</strong></span> <span class='ocrx_word' id='word_1_13' title='bbox 1231 891 1353 986; x_wconf 88' lang='lat' dir='ltr'><strong>quibua</strong></span> 
     </span>
     <span class='ocr_line' id='line_1_4' title="bbox 327 1025 1352 1131; baseline -0.01 -21"><span class='ocrx_word' id='word_1_14' title='bbox 327 1040 401 1131; x_wconf 92' lang='lat' dir='ltr'><strong>ipse</strong></span> <span class='ocrx_word' id='word_1_15' title='bbox 436 1038 572 1130; x_wconf 83' lang='lat' dir='ltr'><strong>scripsit</strong></span> <span class='ocrx_word' id='word_1_16' title='bbox 604 1036 853 1129; x_wconf 83' lang='lat' dir='ltr'><strong>Hieronymus,</strong></span> <span class='ocrx_word' id='word_1_17' title='bbox 888 1033 1043 1108; x_wconf 87' lang='lat' dir='ltr'><strong>similiter</strong></span> <span class='ocrx_word' id='word_1_18' title='bbox 1074 1031 1110 1104; x_wconf 93' lang='lat' dir='ltr'><strong>in</strong></span> <span class='ocrx_word' id='word_1_19' title='bbox 1146 1025 1352 1103; x_wconf 80' lang='lat' dir='ltr'><strong>Bethlehem</strong></span> 
     </span>
     <span class='ocr_line' id='line_1_5' title="bbox 327 1172 755 1267; baseline -0.007 -21"><span class='ocrx_word' id='word_1_20' title='bbox 327 1173 484 1267; x_wconf 88' lang='lat' dir='ltr'><strong>sepultae</strong></span> <span class='ocrx_word' id='word_1_21' title='bbox 512 1172 755 1263; x_wconf 85' lang='lat' dir='ltr'><strong>quiescunt</strong></span> 
     </span>
    </p>

    <p class='ocr_par' dir='ltr' id='par_1_3' title="bbox 325 1299 1352 2168">
     <span class='ocr_line' id='line_1_6' title="bbox 409 1299 1350 1388; baseline -0.013 -11"><span class='ocrx_word' id='word_1_22' title='bbox 409 1302 575 1377; x_wconf 78' lang='lat' dir='ltr'><strong>Milliario</strong></span> <span class='ocrx_word' id='word_1_23' title='bbox 608 1322 630 1374; x_wconf 92' lang='lat' dir='ltr'><strong>a</strong></span> <span class='ocrx_word' id='word_1_24' title='bbox 660 1299 867 1375; x_wconf 84' lang='lat' dir='ltr'><strong>Bethlehem</strong></span> <span class='ocrx_word' id='word_1_25' title='bbox 905 1300 1038 1374; x_wconf 77' lang='lat' dir='ltr'><strong>refulsit</strong></span> <span class='ocrx_word' id='word_1_26' title='bbox 1076 1299 1178 1374; x_wconf 88' lang='lat' dir='ltr'><strong>stella</strong></span> <span class='ocrx_word' id='word_1_27' title='bbox 1211 1299 1350 1388; x_wconf 89' lang='lat' dir='ltr'><strong>pasto·</strong></span> 
     </span>
     <span class='ocr_line' id='line_1_7' title="bbox 326 1430 1352 1525; baseline -0.008 -18"><span class='ocrx_word' id='word_1_28' title='bbox 326 1437 449 1509; x_wconf 87' lang='lat' dir='ltr'><strong>ribus</strong></span> <span class='ocrx_word' id='word_1_29' title='bbox 486 1439 569 1506; x_wconf 91' lang='lat' dir='ltr'><strong>nato</strong></span> <span class='ocrx_word' id='word_1_30' title='bbox 596 1435 740 1506; x_wconf 90' lang='lat' dir='ltr'><strong>Domino</strong></span> <span class='ocrx_word' id='word_1_31' title='bbox 777 1435 895 1524; x_wconf 90' lang='lat' dir='ltr'><strong>eisque</strong></span> <span class='ocrx_word' id='word_1_32' title='bbox 927 1439 1116 1525; x_wconf 77' lang='lat' dir='ltr'><strong>apparente</strong></span> <span class='ocrx_word' id='word_1_33' title='bbox 1149 1430 1274 1521; x_wconf 77' lang='lat' dir='ltr'><strong>angelo</strong></span> <span class='ocrx_word' id='word_1_34' title='bbox 1314 1434 1352 1501; x_wconf 92' lang='lat' dir='ltr'><strong>et</strong></span> 
     </span>
     <span class='ocr_line' id='line_1_8' title="bbox 326 1562 1350 1656; baseline -0.003 -17"><span class='ocrx_word' id='word_1_35' title='bbox 326 1568 478 1639; x_wconf 79' lang='lat' dir='ltr'><strong>dicente:</strong></span> <span class='ocrx_word' id='word_1_36' title='bbox 516 1562 640 1638; x_wconf 80' lang='lat' dir='ltr'><strong>Gloria</strong></span> <span class='ocrx_word' id='word_1_37' title='bbox 666 1565 704 1636; x_wconf 77' lang='lat' dir='ltr'><strong>iu</strong></span> <span class='ocrx_word' id='word_1_38' title='bbox 731 1565 876 1639; x_wconf 68' lang='lat' dir='ltr'><strong>aetas</strong></span> <span class='ocrx_word' id='word_1_39' title='bbox 901 1563 993 1656; x_wconf 90' lang='lat' dir='ltr'><strong>Deo,</strong></span> <span class='ocrx_word' id='word_1_40' title='bbox 1029 1571 1061 1637; x_wconf 85' lang='lat' dir='ltr'><strong>et</strong></span> <span class='ocrx_word' id='word_1_41' title='bbox 1088 1565 1126 1636; x_wconf 79' lang='lat' dir='ltr'><strong>in</strong></span> <span class='ocrx_word' id='word_1_42' title='bbox 1154 1571 1250 1637; x_wconf 84' lang='lat' dir='ltr'><strong>terra</strong></span> <span class='ocrx_word' id='word_1_43' title='bbox 1272 1583 1350 1654; x_wconf 69' lang='lat' dir='ltr'><strong>pax</strong></span> 
     </span>
     <span class='ocr_line' id='line_1_9' title="bbox 325 1695 1352 1770; baseline -0.005 0"><span class='ocrx_word' id='word_1_44' title='bbox 325 1696 518 1770; x_wconf 64' lang='lat' dir='ltr'><strong>hominbus</strong></span> <span class='ocrx_word' id='word_1_45' title='bbox 558 1696 664 1768; x_wconf 85' lang='lat' dir='ltr'><strong>bonae</strong></span> <span class='ocrx_word' id='word_1_46' title='bbox 702 1696 900 1769; x_wconf 68' lang='lat' dir='ltr'><strong>edomatio.</strong></span> <span class='ocrx_word' id='word_1_47' title='bbox 970 1697 1088 1770; x_wconf 83' lang='lat' dir='ltr'><strong>Tertio</strong></span> <span class='ocrx_word' id='word_1_48' title='bbox 1131 1695 1289 1768; x_wconf 83' lang='lat' dir='ltr'><strong>milliario</strong></span> <span class='ocrx_word' id='word_1_49' title='bbox 1328 1714 1352 1765; x_wconf 93' lang='lat' dir='ltr'><strong>a</strong></span> 
     </span>
     <span class='ocr_line' id='line_1_10' title="bbox 326 1827 1348 1922; baseline -0.006 -19"><span class='ocrx_word' id='word_1_50' title='bbox 326 1829 529 1903; x_wconf 88' lang='lat' dir='ltr'><strong>Bethlehem</strong></span> <span class='ocrx_word' id='word_1_51' title='bbox 556 1827 745 1919; x_wconf 84' lang='lat' dir='ltr'><strong>Theona,</strong></span> <span class='ocrx_word' id='word_1_52' title='bbox 775 1829 949 1922; x_wconf 89' lang='lat' dir='ltr'><strong>oppidum,</strong></span> <span class='ocrx_word' id='word_1_53' title='bbox 980 1850 1022 1902; x_wconf 83' lang='lat' dir='ltr'><strong>ex</strong></span> <span class='ocrx_word' id='word_1_54' title='bbox 1050 1848 1119 1919; x_wconf 90' lang='lat' dir='ltr'><strong>quo</strong></span> <span class='ocrx_word' id='word_1_55' title='bbox 1147 1829 1264 1916; x_wconf 84' lang='lat' dir='ltr'><strong>Amos,</strong></span> <span class='ocrx_word' id='word_1_56' title='bbox 1290 1827 1348 1918; x_wconf 86' lang='lat' dir='ltr'><strong>qni</strong></span> 
     </span>
     <span class='ocr_line' id='line_1_11' title="bbox 326 1959 1348 2053; baseline -0.003 -17"><span class='ocrx_word' id='word_1_57' title='bbox 326 1970 363 2036; x_wconf 88' lang='lat' dir='ltr'><strong>et</strong></span> <span class='ocrx_word' id='word_1_58' title='bbox 388 1963 434 2034; x_wconf 90' lang='lat' dir='ltr'><strong>ibi</strong></span> <span class='ocrx_word' id='word_1_59' title='bbox 462 1960 617 2051; x_wconf 87' lang='lat' dir='ltr'><strong>sepultus</strong></span> <span class='ocrx_word' id='word_1_60' title='bbox 643 1962 797 2053; x_wconf 88' lang='lat' dir='ltr'><strong>quiescit.</strong></span> <span class='ocrx_word' id='word_1_61' title='bbox 847 1963 978 2053; x_wconf 83' lang='lat' dir='ltr'><strong>Quarto</strong></span> <span class='ocrx_word' id='word_1_62' title='bbox 1005 1960 1164 2032; x_wconf 88' lang='lat' dir='ltr'><strong>milliario</strong></span> <span class='ocrx_word' id='word_1_63' title='bbox 1193 1980 1215 2032; x_wconf 94' lang='lat' dir='ltr'><strong>a</strong></span> <span class='ocrx_word' id='word_1_64' title='bbox 1241 1959 1348 2033; x_wconf 85' lang='lat' dir='ltr'><strong>Beth·</strong></span> 
     </span>
     <span class='ocr_line' id='line_1_12' title="bbox 326 2072 1350 2168; baseline 0 -2"><span class='ocrx_word' id='word_1_65' title='bbox 326 2094 438 2168; x_wconf 91' lang='lat' dir='ltr'><strong>lehem</strong></span> <span class='ocrx_word' id='word_1_66' title='bbox 466 2097 590 2166; x_wconf 85' lang='lat' dir='ltr'><strong>contra</strong></span> <span class='ocrx_word' id='word_1_67' title='bbox 622 2094 801 2168; x_wconf 87' lang='lat' dir='ltr'><strong>meridiem</strong></span> <span class='ocrx_word' id='word_1_68' title='bbox 835 2093 1020 2166; x_wconf 91' lang='lat' dir='ltr'><strong>ecclesia</strong></span> <span class='ocrx_word' id='word_1_69' title='bbox 1050 2072 1173 2167; x_wconf 43' lang='lat' dir='ltr'><strong>&#39;beati</strong></span> <span class='ocrx_word' id='word_1_70' title='bbox 1202 2092 1350 2167; x_wconf 85' lang='lat' dir='ltr'><strong>Chari-</strong></span> 
     </span>
    </p>
   </div>
   <div class='ocr_carea' id='block_1_3' title="bbox 326 2226 1350 2324">
    <p class='ocr_par' dir='ltr' id='par_1_4' title="bbox 326 2226 1350 2324">
     <span class='ocr_line' id='line_1_13' title="bbox 326 2226 1350 2324; baseline -0.001 -24"><span class='ocrx_word' id='word_1_71' title='bbox 326 2228 456 2318; x_wconf 87' lang='lat' dir='ltr'><strong>tonis,</strong></span> <span class='ocrx_word' id='word_1_72' title='bbox 487 2227 561 2316; x_wconf 89' lang='lat' dir='ltr'><strong>ubi,</strong></span> <span class='ocrx_word' id='word_1_73' title='bbox 597 2227 670 2317; x_wconf 88' lang='lat' dir='ltr'><strong>ipso</strong></span> <span class='ocrx_word' id='word_1_74' title='bbox 698 2233 900 2301; x_wconf 82' lang='lat' dir='ltr'><strong>transeunte</strong></span> <span class='ocrx_word' id='word_1_75' title='bbox 929 2226 972 2299; x_wconf 89' lang='lat' dir='ltr'><strong>de</strong></span> <span class='ocrx_word' id='word_1_76' title='bbox 1005 2227 1070 2300; x_wconf 91' lang='lat' dir='ltr'><strong>hoc</strong></span> <span class='ocrx_word' id='word_1_77' title='bbox 1097 2227 1241 2324; x_wconf 87' lang='lat' dir='ltr'><strong>mundo,</strong></span> <span class='ocrx_word' id='word_1_78' title='bbox 1275 2246 1350 2300; x_wconf 92' lang='lat' dir='ltr'><strong>mo-</strong></span> 
     </span>
    </p>
   </div>
   <div class='ocr_carea' id='block_1_4' title="bbox 307 2359 1348 3920">
    <p class='ocr_par' dir='ltr' id='par_1_5' title="bbox 307 2359 1348 3384">
     <span class='ocr_line' id='line_1_14' title="bbox 325 2359 1344 2453; baseline 0 -19"><span class='ocrx_word' id='word_1_79' title='bbox 325 2361 425 2434; x_wconf 88' lang='lat' dir='ltr'><strong>nachi</strong></span> <span class='ocrx_word' id='word_1_80' title='bbox 439 2360 524 2453; x_wconf 88' lang='lat' dir='ltr'><strong>ejus,</strong></span> <span class='ocrx_word' id='word_1_81' title='bbox 554 2361 677 2450; x_wconf 89' lang='lat' dir='ltr'><strong>quibus</strong></span> <span class='ocrx_word' id='word_1_82' title='bbox 708 2365 832 2451; x_wconf 92' lang='lat' dir='ltr'><strong>pastor</strong></span> <span class='ocrx_word' id='word_1_83' title='bbox 859 2359 934 2450; x_wconf 89' lang='lat' dir='ltr'><strong>pins</strong></span> <span class='ocrx_word' id='word_1_84' title='bbox 960 2359 1167 2452; x_wconf 72' lang='lat' dir='ltr'><strong>praefuerat</strong></span> <span class='ocrx_word' id='word_1_85' title='bbox 1197 2382 1274 2434; x_wconf 87' lang='lat' dir='ltr'><strong>cum</strong></span> <span class='ocrx_word' id='word_1_86' title='bbox 1301 2381 1344 2434; x_wconf 90' lang='lat' dir='ltr'><strong>eo</strong></span> 
     </span>
     <span class='ocr_line' id='line_1_15' title="bbox 325 2492 1348 2588; baseline 0 -21"><span class='ocrx_word' id='word_1_87' title='bbox 325 2496 455 2588; x_wconf 85' lang='lat' dir='ltr'><strong>pariter</strong></span> <span class='ocrx_word' id='word_1_88' title='bbox 492 2492 772 2582; x_wconf 81' lang='lat' dir='ltr'><strong>agonizaverunt,</strong></span> <span class='ocrx_word' id='word_1_89' title='bbox 812 2492 903 2583; x_wconf 89' lang='lat' dir='ltr'><strong>qnod</strong></span> <span class='ocrx_word' id='word_1_90' title='bbox 930 2514 952 2564; x_wconf 91' lang='lat' dir='ltr'><strong>a</strong></span> <span class='ocrx_word' id='word_1_91' title='bbox 979 2494 1055 2567; x_wconf 92' lang='lat' dir='ltr'><strong>Deo</strong></span> <span class='ocrx_word' id='word_1_92' title='bbox 1092 2494 1216 2568; x_wconf 82' lang='lat' dir='ltr'><strong>devote</strong></span> <span class='ocrx_word' id='word_1_93' title='bbox 1249 2515 1348 2586; x_wconf 90' lang='lat' dir='ltr'><strong>prae·</strong></span> 
     </span>
     <span class='ocr_line' id='line_1_16' title="bbox 325 2625 1346 2718; baseline -0.001 -18"><span class='ocrx_word' id='word_1_94' title='bbox 325 2629 482 2715; x_wconf 84' lang='lat' dir='ltr'><strong>scierant,</strong></span> <span class='ocrx_word' id='word_1_95' title='bbox 510 2647 553 2699; x_wconf 90' lang='lat' dir='ltr'><strong>eo</strong></span> <span class='ocrx_word' id='word_1_96' title='bbox 576 2625 666 2717; x_wconf 79' lang='lat' dir='ltr'><strong>quocl</strong></span> <span class='ocrx_word' id='word_1_97' title='bbox 684 2633 785 2718; x_wconf 90' lang='lat' dir='ltr'><strong>pater</strong></span> <span class='ocrx_word' id='word_1_98' title='bbox 808 2645 926 2699; x_wconf 91' lang='lat' dir='ltr'><strong>eorum</strong></span> <span class='ocrx_word' id='word_1_99' title='bbox 945 2627 1022 2718; x_wconf 91' lang='lat' dir='ltr'><strong>pins</strong></span> <span class='ocrx_word' id='word_1_100' title='bbox 1043 2629 1231 2701; x_wconf 85' lang='lat' dir='ltr'><strong>exstiterat.</strong></span> <span class='ocrx_word' id='word_1_101' title='bbox 1273 2626 1346 2700; x_wconf 86' lang='lat' dir='ltr'><strong>Nec</strong></span> 
     </span>
     <span class='ocr_line' id='line_1_17' title="bbox 307 2757 1344 2853; baseline -0.001 -20"><span class='ocrx_word' id='word_1_102' title='bbox 307 2766 401 2853; x_wconf 77' lang='lat' dir='ltr'><strong>¹post</strong></span> <span class='ocrx_word' id='word_1_103' title='bbox 437 2780 515 2832; x_wconf 92' lang='lat' dir='ltr'><strong>enm</strong></span> <span class='ocrx_word' id='word_1_104' title='bbox 548 2759 663 2833; x_wconf 81' lang='lat' dir='ltr'><strong>rivere</strong></span> <span class='ocrx_word' id='word_1_105' title='bbox 698 2757 861 2831; x_wconf 86' lang='lat' dir='ltr'><strong>volebant</strong></span> <span class='ocrx_word' id='word_1_106' title='bbox 898 2759 973 2850; x_wconf 90' lang='lat' dir='ltr'><strong>ejus</strong></span> <span class='ocrx_word' id='word_1_107' title='bbox 1006 2779 1123 2831; x_wconf 89' lang='lat' dir='ltr'><strong>amore</strong></span> <span class='ocrx_word' id='word_1_108' title='bbox 1163 2762 1344 2851; x_wconf 85' lang='lat' dir='ltr'><strong>ferventes,</strong></span> 
     </span>
     <span class='ocr_line' id='line_1_18' title="bbox 323 2890 1347 2985; baseline -0.002 -18"><span class='ocrx_word' id='word_1_109' title='bbox 323 2913 465 2985; x_wconf 87' lang='lat' dir='ltr'><strong>quorum</strong></span> <span class='ocrx_word' id='word_1_110' title='bbox 497 2890 707 2982; x_wconf 83' lang='lat' dir='ltr'><strong>singulorum</strong></span> <span class='ocrx_word' id='word_1_111' title='bbox 742 2893 961 2982; x_wconf 81' lang='lat' dir='ltr'><strong>compagines</strong></span> <span class='ocrx_word' id='word_1_112' title='bbox 997 2892 1031 2963; x_wconf 92' lang='lat' dir='ltr'><strong>in</strong></span> <span class='ocrx_word' id='word_1_113' title='bbox 1070 2893 1215 2967; x_wconf 82' lang='lat' dir='ltr'><strong>eeclesia</strong></span> <span class='ocrx_word' id='word_1_114' title='bbox 1249 2914 1347 2985; x_wconf 88' lang='lat' dir='ltr'><strong>prae·</strong></span> 
     </span>
     <span class='ocr_line' id='line_1_19' title="bbox 324 3024 1347 3117; baseline 0 -19"><span class='ocrx_word' id='word_1_115' title='bbox 324 3026 416 3099; x_wconf 87' lang='lat' dir='ltr'><strong>dicta</strong></span> <span class='ocrx_word' id='word_1_116' title='bbox 443 3024 552 3097; x_wconf 83' lang='lat' dir='ltr'><strong>videri</strong></span> <span class='ocrx_word' id='word_1_117' title='bbox 578 3031 717 3117; x_wconf 84' lang='lat' dir='ltr'><strong>possunt</strong></span> <span class='ocrx_word' id='word_1_118' title='bbox 744 3025 847 3096; x_wconf 90' lang='lat' dir='ltr'><strong>modo</strong></span> <span class='ocrx_word' id='word_1_119' title='bbox 875 3026 949 3116; x_wconf 90' lang='lat' dir='ltr'><strong>illo,</strong></span> <span class='ocrx_word' id='word_1_120' title='bbox 989 3045 1056 3117; x_wconf 88' lang='lat' dir='ltr'><strong>qno</strong></span> <span class='ocrx_word' id='word_1_121' title='bbox 1091 3046 1129 3097; x_wconf 92' lang='lat' dir='ltr'><strong>se</strong></span> <span class='ocrx_word' id='word_1_122' title='bbox 1158 3025 1347 3100; x_wconf 90' lang='lat' dir='ltr'><strong>habuerant</strong></span> 
     </span>
     <span class='ocr_line' id='line_1_20' title="bbox 322 3157 1345 3250; baseline -0.001 -20"><span class='ocrx_word' id='word_1_123' title='bbox 322 3160 356 3230; x_wconf 94' lang='lat' dir='ltr'><strong>in</strong></span> <span class='ocrx_word' id='word_1_124' title='bbox 385 3157 596 3232; x_wconf 67' lang='lat' dir='ltr'><strong>desolatione</strong></span> <span class='ocrx_word' id='word_1_125' title='bbox 624 3157 732 3250; x_wconf 88' lang='lat' dir='ltr'><strong>patria</strong></span> <span class='ocrx_word' id='word_1_126' title='bbox 766 3179 885 3232; x_wconf 90' lang='lat' dir='ltr'><strong>eorum</strong></span> <span class='ocrx_word' id='word_1_127' title='bbox 917 3159 1155 3248; x_wconf 58' lang='lat' dir='ltr'><strong>agonizantem</strong></span> <span class='ocrx_word' id='word_1_128' title='bbox 1192 3160 1345 3233; x_wconf 88' lang='lat' dir='ltr'><strong>translati</strong></span> 
     </span>
     <span class='ocr_line' id='line_1_21' title="bbox 323 3289 732 3384; baseline -0.007 -21"><span class='ocrx_word' id='word_1_129' title='bbox 323 3299 441 3384; x_wconf 84' lang='lat' dir='ltr'><strong>postea</strong></span> <span class='ocrx_word' id='word_1_130' title='bbox 468 3291 504 3363; x_wconf 92' lang='lat' dir='ltr'><strong>in</strong></span> <span class='ocrx_word' id='word_1_131' title='bbox 529 3289 732 3366; x_wconf 84' lang='lat' dir='ltr'><strong>Jerusalem.</strong></span> 
     </span>
    </p>

    <p class='ocr_par' dir='ltr' id='par_1_6' title="bbox 322 3423 1345 3920">
     <span class='ocr_line' id='line_1_22' title="bbox 402 3423 1344 3516; baseline 0.002 -19"><span class='ocrx_word' id='word_1_132' title='bbox 402 3424 565 3498; x_wconf 84' lang='lat' dir='ltr'><strong>Milliario</strong></span> <span class='ocrx_word' id='word_1_133' title='bbox 592 3445 614 3497; x_wconf 88' lang='lat' dir='ltr'><strong>a</strong></span> <span class='ocrx_word' id='word_1_134' title='bbox 639 3423 864 3514; x_wconf 83' lang='lat' dir='ltr'><strong>Bethlehem,</strong></span> <span class='ocrx_word' id='word_1_135' title='bbox 895 3425 967 3515; x_wconf 87' lang='lat' dir='ltr'><strong>via,</strong></span> <span class='ocrx_word' id='word_1_136' title='bbox 1005 3445 1094 3516; x_wconf 89' lang='lat' dir='ltr'><strong>quae</strong></span> <span class='ocrx_word' id='word_1_137' title='bbox 1122 3425 1217 3498; x_wconf 87' lang='lat' dir='ltr'><strong>ducit</strong></span> <span class='ocrx_word' id='word_1_138' title='bbox 1242 3425 1344 3499; x_wconf 85' lang='lat' dir='ltr'><strong>Jeru-</strong></span> 
     </span>
     <span class='ocr_line' id='line_1_23' title="bbox 322 3557 1344 3652; baseline -0.003 -19"><span class='ocrx_word' id='word_1_139' title='bbox 322 3559 438 3651; x_wconf 88' lang='lat' dir='ltr'><strong>salem,</strong></span> <span class='ocrx_word' id='word_1_140' title='bbox 467 3557 734 3647; x_wconf 80' lang='lat' dir='ltr'><strong>chabratha,</strong></span> <span class='ocrx_word' id='word_1_141' title='bbox 763 3558 870 3647; x_wconf 88' lang='lat' dir='ltr'><strong>locns,</strong></span> <span class='ocrx_word' id='word_1_142' title='bbox 899 3559 1029 3650; x_wconf 88' lang='lat' dir='ltr'><strong>inquo,</strong></span> <span class='ocrx_word' id='word_1_143' title='bbox 1064 3581 1139 3631; x_wconf 88' lang='lat' dir='ltr'><strong>cum</strong></span> <span class='ocrx_word' id='word_1_144' title='bbox 1167 3560 1344 3652; x_wconf 86' lang='lat' dir='ltr'><strong>Benjamiu</strong></span> 
     </span>
     <span class='ocr_line' id='line_1_24' title="bbox 324 3690 1345 3786; baseline 0.002 -21"><span class='ocrx_word' id='word_1_145' title='bbox 324 3695 513 3786; x_wconf 84' lang='lat' dir='ltr'><strong>peperisset</strong></span> <span class='ocrx_word' id='word_1_146' title='bbox 544 3691 724 3782; x_wconf 87' lang='lat' dir='ltr'><strong>Rachel,</strong></span> <span class='ocrx_word' id='word_1_147' title='bbox 764 3690 942 3779; x_wconf 84' lang='lat' dir='ltr'><strong>occubuit,</strong></span> <span class='ocrx_word' id='word_1_148' title='bbox 987 3693 1101 3784; x_wconf 87' lang='lat' dir='ltr'><strong>ibique</strong></span> <span class='ocrx_word' id='word_1_149' title='bbox 1129 3695 1253 3765; x_wconf 83' lang='lat' dir='ltr'><strong>aviro</strong></span> <span class='ocrx_word' id='word_1_150' title='bbox 1284 3714 1345 3767; x_wconf 86' lang='lat' dir='ltr'><strong>suo</strong></span> 
     </span>
     <span class='ocr_line' id='line_1_25' title="bbox 322 3824 1344 3920; baseline -0.001 -20"><span class='ocrx_word' id='word_1_151' title='bbox 322 3826 429 3901; x_wconf 86' lang='lat' dir='ltr'><strong>Jacob</strong></span> <span class='ocrx_word' id='word_1_152' title='bbox 462 3824 670 3898; x_wconf 89' lang='lat' dir='ltr'><strong>tumulata</strong></span> <span class='ocrx_word' id='word_1_153' title='bbox 708 3826 872 3917; x_wconf 89' lang='lat' dir='ltr'><strong>quiescit,</strong></span> <span class='ocrx_word' id='word_1_154' title='bbox 920 3826 1017 3918; x_wconf 88' lang='lat' dir='ltr'><strong>cnjus</strong></span> <span class='ocrx_word' id='word_1_155' title='bbox 1060 3827 1190 3899; x_wconf 91' lang='lat' dir='ltr'><strong>tumulo</strong></span> <span class='ocrx_word' id='word_1_156' title='bbox 1227 3848 1344 3920; x_wconf 91' lang='lat' dir='ltr'><strong>super·</strong></span> 
     </span>
    </p>
   </div>
   <div class='ocr_carea' id='block_1_5' title="bbox 0 0 1688 4650">
    <p class='ocr_par' dir='ltr' id='par_1_7' title="bbox 0 0 1688 4650">
     <span class='ocr_line' id='line_1_26' title="bbox 0 0 1688 4650; baseline 0 3"><span class='ocrx_word' id='word_1_157' title='bbox 0 0 1688 4650; x_wconf 95' lang='lat' dir='ltr'><strong> </strong></span> 
     </span>
    </p>
   </div>
  </div>
 </body>
</html>
