3368 4650
1292 578 1356 647 11⁷

331 766 376 841 ab
402 765 564 858 iericho,
602 769 726 857 quarto
753 784 775 835 a
801 760 1020 855 Bethlehem,
1050 761 1308 836 decimosexto
1336 782 1358 834 a

330 899 517 992 Bersabee,
547 899 711 990 vigesimo
740 903 862 992 quarto
883 897 927 972 ab
943 899 1113 972 Ascalone
1141 897 1356 991 totidemque

331 1034 490 1128 aJoppe,
519 1034 650 1108 decimo
676 1040 773 1107 sexto
787 1055 809 1106 a
824 1031 994 1106 Ramatha
1020 1031 1233 1122 donantem,
1261 1053 1356 1105 sano

332 1166 463 1239 tissima
487 1165 643 1239 Judaeae
670 1167 880 1259 metropolis,
909 1188 997 1260 quae
1024 1172 1061 1240 et
1088 1165 1180 1256 Sion,
1218 1165 1262 1238 de
1290 1187 1356 1257 qua

329 1296 455 1370 dictum
496 1303 563 1371 est:
606 1294 768 1370 Glorioso
805 1299 899 1372 dieta
940 1304 1021 1373 aurat
1057 1298 1102 1371 de
1138 1306 1187 1390 te,
1231 1300 1355 1372 clodos

329 1425 419 1499 Dei:
455 1449 543 1519 quae
573 1437 609 1501 et
635 1430 736 1503 Aelia
764 1431 807 1503 ab
835 1431 936 1504 Aelio
965 1431 1152 1524 Hadriano,
1190 1435 1248 1529 qui
1277 1456 1353 1509 eam

329 1560 518 1634 construxit
545 1581 607 1633 seu
634 1562 746 1652 potius
779 1565 1027 1638 transmutavit.

408 1690 616 1781 Jemsalem,
652 1692 801 1781 gloriosa
826 1694 981 1770 iudaeae
1008 1697 1226 1787 metropolis,
1252 1699 1353 1790 justa

333 1824 553 1921 philosophos
579 1824 614 1897 in
641 1823 753 1897 medio
780 1827 894 1897 mnudi
922 1829 989 1901 sita
1016 1834 1077 1899 est.
1121 1827 1293 1918 Regnavit
1318 1831 1352 1901 in

329 1980 373 2033 ea
398 1957 513 2030 David
541 1957 683 2048 triginta
716 1964 863 2048 quatuor
896 1960 991 2031 annis
1018 1966 1054 2033 et
1080 1958 1231 2033 dimidio.
1287 1962 1353 2035 Est

327 2091 465 2185 quidem
492 2092 526 2163 in
555 2089 746 2165 Jerusalem
789 2112 884 2164 mons
924 2093 1055 2184 Maria,
1098 2114 1203 2184 super
1249 2116 1351 2186 quem

329 2225 448 2299 videns
476 2225 635 2314 angelum
663 2225 911 2320 percutientem
940 2228 1264 2319 evaginatossladio,
1293 2229 1351 2320 qui

326 2360 488 2454 populum
522 2355 588 2430 Dei
621 2359 776 2447 graviter
809 2360 983 2451 caedebat,
1014 2361 1146 2450 timeus,
1177 2382 1220 2433 ue
1248 2362 1282 2433 in
1311 2385 1349 2433 se

327 2501 364 2568 et
396 2495 431 2565 in
466 2492 584 2565 urbem
618 2491 857 2583 ulcisceretur,
887 2495 978 2584 quod
1014 2495 1048 2566 iu
1075 2493 1203 2586 populo
1232 2515 1351 2566 trume-

327 2634 403 2699 rato
442 2625 650 2716 deliquerat,
687 2645 814 2715 pronus
851 2626 1040 2699 interram
1079 2629 1224 2718 corruit,
1270 2649 1351 2700 vere

326 2761 508 2853 poenitens
535 2758 754 2849 graviterque
782 2780 819 2831 se
846 2757 1010 2849 affligens,
1038 2760 1220 2832 aDomino
1248 2780 1352 2831 exau·

327 2892 434 2983 ditus,
474 2893 604 2964 veniam
644 2891 776 2963 meruit.
843 2892 897 2964 De
938 2892 1049 2965 David
1088 2893 1139 2964 ait
1168 2892 1348 2966 Dominus:

327 3024 455 3098 Inveni
496 3027 607 3096 airum
647 3023 836 3096 secuudum
877 3047 938 3097 eor
977 3047 1099 3097 areuna.
1156 3026 1195 3098 ln
1238 3033 1352 3098 monte

328 3156 484 3247 Morio,
531 3163 699 3248 regnante
736 3157 867 3247 David,
910 3156 1053 3230 tlonebut
1089 3179 1172 3230 aree
1210 3158 1348 3231 rlreuna

322 3290 495 3383 jebusaei,
530 3311 645 3381 aquo
681 3297 716 3363 et
742 3290 816 3381 ipse
847 3290 957 3363 David
987 3311 1062 3363 earn
1091 3312 1208 3364 emere
1238 3291 1349 3363 voluit

324 3423 369 3496 ad
396 3422 655 3497 oonstruendam
682 3423 807 3498 ibidem
840 3424 975 3498 domum
1004 3424 1155 3515 Domini,
1184 3422 1277 3517 quod
1305 3425 1350 3495 ab

326 3579 368 3631 eo
394 3557 657 3631 miseridordiom
685 3557 760 3630 loco
788 3557 847 3628 illo
864 3556 1203 3647 consecutusluerat,
1233 3577 1349 3649 eoque

326 3692 469 3781 augelus
496 3689 634 3762 Domini
664 3692 695 3762 ei
722 3710 865 3783 parcetis
891 3691 1016 3763 ibidem
1044 3691 1185 3763 restitit.
1257 3690 1351 3763 Emit

327 3824 477 3916 quidem,
505 3823 566 3898 sed
595 3823 738 3897 vetitum
765 3823 829 3898 luit
855 3823 889 3899 ei
915 3843 937 3898 a
962 3825 1119 3916 Domino,
1148 3845 1192 3898 ue
1220 3824 1351 3899 indeso

613 4410 752 4587 .
972 4568 1052 4588 Α
