3368 4650
334 520 376 586 10

333 700 426 770 vitae
454 697 666 787 disciplinam
681 695 878 766 declarabat
904 697 970 767 ista
989 713 1073 766 suae
1087 693 1350 781 congregationi,

332 831 466 919 sicque,
504 831 542 896 ut
579 845 655 895 cum
696 845 815 895 eorum
848 825 986 895 consilio
1021 823 1093 894 sive
1129 822 1264 894 licentia
1289 821 1353 893 hoc

332 958 431 1047 foret,
459 956 518 1029 ille
545 953 729 1044 flagitabat.
785 952 847 1025 Cui
874 955 1029 1045 protinus
1056 954 1163 1026 omnis
1189 954 1249 1024 illa
1274 974 1353 1024 con·

333 1089 450 1162 ventio
498 1087 643 1159 fratrum
691 1086 789 1158 simul
833 1106 1032 1176 responsum
1073 1107 1134 1158 seu
1181 1086 1353 1159 licentiam

331 1222 459 1294 dabant
485 1240 634 1312 suaeque
663 1219 852 1291 voluntatis
880 1219 1026 1291 arbitrio
1061 1220 1172 1291 omnia
1199 1220 1273 1292 lore
1302 1221 1352 1293 las
1418 1245 1421 1250 ·

333 1354 504 1444 dicebaut,
534 1359 780 1445 acceptumque
798 1353 909 1442 illum,
939 1352 1032 1425 ocius
1050 1353 1141 1425 inter
1159 1353 1352 1425 coenobiale

335 1488 426 1560 vitae
454 1508 573 1562 eorum
601 1487 806 1562 consortium
829 1486 1018 1580 jungendo,
1047 1486 1227 1560 sociabant

383 1820 422 1887 V.
461 1820 569 1888 saorla
590 1820 717 1888 littaris
739 1822 773 1888 at
807 1817 1002 1887 nouaaltall
1025 1819 1118 1887 uitae
1139 1818 1298 1888 lulaarat.

410 2018 493 2092 Post
519 2020 604 2111 haec
628 2022 744 2115 itaque
772 2043 851 2092 cum
884 2041 972 2112 puer
998 2020 1066 2092 iste
1099 2021 1255 2112 pudicus,
1286 2040 1349 2091 ceu

331 2151 505 2242 perfectus
538 2155 644 2228 sacris
680 2156 871 2227 litterarum
907 2153 1030 2225 studiis
1064 2153 1211 2228 imbutus
1245 2159 1348 2244 atque

330 2286 502 2376 eruditus,
536 2307 650 2360 moras
677 2286 825 2359 davidici
858 2285 1014 2359 carminis
1046 2288 1187 2378 paginas
1219 2287 1350 2358 sollerti

329 2418 451 2490 mentis
489 2419 679 2492 intentione
717 2440 923 2510 peragram,
967 2419 1030 2493 sed
1071 2424 1109 2493 et
1149 2421 1251 2493 etiam
1284 2419 1349 2490 alia

330 2550 465 2624 divinae
498 2550 585 2641 legis
611 2533 921 2644 hagiographorum
947 2551 1130 2624 armariola
1155 2551 1347 2643 indagando

328 2684 400 2756 sive
440 2683 588 2774 legendo
627 2684 762 2775 procaci
798 2684 855 2757 ille
891 2704 994 2758 sensu
1021 2685 1198 2776 sophyrus,
1234 2688 1349 2757 mente

329 2817 524 2889 moderatus
549 2816 702 2907 indagat,
732 2823 768 2889 et
794 2822 906 2890 tumen
940 2837 1009 2890 uon
1047 2817 1158 2888 adhuc
1190 2787 1349 2909 plurimo·

330 2969 406 3020 rum
432 2952 548 3023 aetate
576 2970 741 3022 annorum
758 2948 989 3041 grandaevus,
1015 2949 1092 3039 sed,
1121 2949 1209 3022 aaut
1237 2948 1350 3021 diviua

327 3100 464 3172 semper
491 3103 659 3175 supernae
685 3082 823 3174 pietatis
838 3082 1030 3156 clementia
1055 3083 1268 3173 ageresolet,
1295 3101 1349 3154 se·

329 3213 476 3287 cundum
514 3215 753 3307 propheticum
789 3215 1037 3307 prophetarum
1074 3216 1268 3288 vaticinium
1309 3235 1350 3286 ox

330 3367 390 3420 ore
425 3345 605 3419 infantium
639 3368 701 3420 ceu
742 3348 942 3421 lactantium
974 3347 1141 3441 perficere
1174 3347 1236 3421 sibi
1264 3348 1351 3421 solet

328 3479 473 3553 laudem.
503 3479 637 3556 Deinde
651 3481 770 3573 itaque
789 3483 979 3573 cumquein
991 3501 1032 3553 eo
1041 3480 1114 3572 Jam
1129 3481 1226 3553 simul
1246 3502 1350 3553 auno-

327 3635 403 3687 rum
432 3617 527 3687 aetas
553 3615 746 3721 mentisque
774 3615 939 3705 sagacitas
960 3614 1100 3687 divinae
1130 3612 1349 3706 dispensatio·

330 3748 381 3823 nia
407 3746 643 3824 moderamine
668 3746 836 3839 pullulare
863 3751 1037 3842 coeperat,
1067 3752 1103 3819 et
1118 3746 1226 3819 multo
1243 3747 1350 3837 magis
