<?xml version="1.0" encoding="UTF-8"?>
<!DOCTYPE html PUBLIC "-//W3C//DTD XHTML 1.0 Transitional//EN"
    "http://www.w3.org/TR/xhtml1/DTD/xhtml1-transitional.dtd">
<html xmlns="http://www.w3.org/1999/xhtml" xml:lang="en" lang="en">
 <head>
  <title>
</title>
<meta http-equiv="Content-Type" content="text/html;charset=utf-8" />
  <meta name='ocr-system' content='tesseract 3.04.00' />
  <meta name='ocr-capabilities' content='ocr_page ocr_carea ocr_par ocr_line ocrx_word'/>
</head>
<body>
  <div class='ocr_page' id='page_1' title='image "./descriptioneste00toblgoog_0025.png"; bbox 0 0 3368 4650; ppageno 0'>
   <div class='ocr_carea' id='block_1_1' title="bbox 344 494 385 563">
    <p class='ocr_par' dir='ltr' id='par_1_1' title="bbox 344 494 385 563">
     <span class='ocr_line' id='line_1_1' title="bbox 344 494 385 563; baseline -0.024 0"><span class='ocrx_word' id='word_1_1' title='bbox 344 494 385 563; x_wconf 75' lang='lat'><strong>1⁴</strong></span> 
     </span>
    </p>
   </div>
   <div class='ocr_carea' id='block_1_2' title="bbox 337 674 1360 1296">
    <p class='ocr_par' dir='ltr' id='par_1_2' title="bbox 337 674 1360 1296">
     <span class='ocr_line' id='line_1_2' title="bbox 339 674 1359 767; baseline -0.006 -17"><span class='ocrx_word' id='word_1_2' title='bbox 339 676 489 750; x_wconf 81' lang='lat' dir='ltr'><strong>animam</strong></span> <span class='ocrx_word' id='word_1_3' title='bbox 521 693 716 766; x_wconf 79' lang='lat' dir='ltr'><strong>provocare</strong></span> <span class='ocrx_word' id='word_1_4' title='bbox 748 682 890 748; x_wconf 84' lang='lat' dir='ltr'><strong>conatus</strong></span> <span class='ocrx_word' id='word_1_5' title='bbox 924 683 986 756; x_wconf 85' lang='lat' dir='ltr'><strong>est,</strong></span> <span class='ocrx_word' id='word_1_6' title='bbox 1042 674 1170 767; x_wconf 87' lang='lat' dir='ltr'><strong>Sicqae</strong></span> <span class='ocrx_word' id='word_1_7' title='bbox 1205 674 1359 762; x_wconf 81' lang='lat' dir='ltr'><strong>tandem,</strong></span> 
     </span>
     <span class='ocr_line' id='line_1_3' title="bbox 341 802 1360 901; baseline -0.003 -19"><span class='ocrx_word' id='word_1_8' title='bbox 341 807 585 901; x_wconf 83' lang='lat' dir='ltr'><strong>omnipotentis</strong></span> <span class='ocrx_word' id='word_1_9' title='bbox 610 804 679 878; x_wconf 89' lang='lat' dir='ltr'><strong>Dei</strong></span> <span class='ocrx_word' id='word_1_10' title='bbox 711 807 852 896; x_wconf 87' lang='lat' dir='ltr'><strong>auxilio,</strong></span> <span class='ocrx_word' id='word_1_11' title='bbox 893 802 1045 898; x_wconf 87' lang='lat' dir='ltr'><strong>petentis</strong></span> <span class='ocrx_word' id='word_1_12' title='bbox 1079 812 1117 878; x_wconf 88' lang='lat' dir='ltr'><strong>et</strong></span> <span class='ocrx_word' id='word_1_13' title='bbox 1143 805 1360 898; x_wconf 71' lang='lat' dir='ltr'><strong>provocantis</strong></span> 
     </span>
     <span class='ocr_line' id='line_1_4' title="bbox 338 939 1360 1029; baseline -0.005 -15"><span class='ocrx_word' id='word_1_14' title='bbox 338 939 569 1014; x_wconf 75' lang='lat' dir='ltr'><strong>invalescebat</strong></span> <span class='ocrx_word' id='word_1_15' title='bbox 597 939 771 1028; x_wconf 80' lang='lat' dir='ltr'><strong>voluntas,</strong></span> <span class='ocrx_word' id='word_1_16' title='bbox 810 939 875 1028; x_wconf 87' lang='lat' dir='ltr'><strong>ita,</strong></span> <span class='ocrx_word' id='word_1_17' title='bbox 916 946 956 1011; x_wconf 86' lang='lat' dir='ltr'><strong>ut</strong></span> <span class='ocrx_word' id='word_1_18' title='bbox 987 939 1048 1012; x_wconf 89' lang='lat' dir='ltr'><strong>iile</strong></span> <span class='ocrx_word' id='word_1_19' title='bbox 1083 960 1163 1011; x_wconf 87' lang='lat' dir='ltr'><strong>sans</strong></span> <span class='ocrx_word' id='word_1_20' title='bbox 1197 943 1298 1029; x_wconf 84' lang='lat' dir='ltr'><strong>pater</strong></span> <span class='ocrx_word' id='word_1_21' title='bbox 1324 944 1360 1009; x_wconf 88' lang='lat' dir='ltr'><strong>et</strong></span> 
     </span>
     <span class='ocr_line' id='line_1_5' title="bbox 339 1069 1359 1162; baseline -0.002 -16"><span class='ocrx_word' id='word_1_22' title='bbox 339 1073 446 1147; x_wconf 83' lang='lat' dir='ltr'><strong>irater</strong></span> <span class='ocrx_word' id='word_1_23' title='bbox 471 1069 705 1144; x_wconf 83' lang='lat' dir='ltr'><strong>Wnnebaidns</strong></span> <span class='ocrx_word' id='word_1_24' title='bbox 732 1070 776 1143; x_wconf 85' lang='lat' dir='ltr'><strong>ari</strong></span> <span class='ocrx_word' id='word_1_25' title='bbox 804 1076 956 1162; x_wconf 86' lang='lat' dir='ltr'><strong>optatam</strong></span> <span class='ocrx_word' id='word_1_26' title='bbox 984 1077 1022 1144; x_wconf 92' lang='lat' dir='ltr'><strong>et</strong></span> <span class='ocrx_word' id='word_1_27' title='bbox 1049 1073 1224 1145; x_wconf 83' lang='lat' dir='ltr'><strong>hortatam</strong></span> <span class='ocrx_word' id='word_1_28' title='bbox 1242 1092 1281 1145; x_wconf 89' lang='lat' dir='ltr'><strong>se</strong></span> <span class='ocrx_word' id='word_1_29' title='bbox 1307 1072 1359 1144; x_wconf 92' lang='lat' dir='ltr'><strong>in·</strong></span> 
     </span>
     <span class='ocr_line' id='line_1_6' title="bbox 337 1203 921 1296; baseline -0.005 -17"><span class='ocrx_word' id='word_1_30' title='bbox 337 1203 465 1279; x_wconf 85' lang='lat' dir='ltr'><strong>choare</strong></span> <span class='ocrx_word' id='word_1_31' title='bbox 491 1209 620 1278; x_wconf 83' lang='lat' dir='ltr'><strong>metam</strong></span> <span class='ocrx_word' id='word_1_32' title='bbox 646 1203 921 1296; x_wconf 80' lang='lat' dir='ltr'><strong>pollicerentur.-</strong></span> 
     </span>
    </p>
   </div>
   <div class='ocr_carea' id='block_1_3' title="bbox 336 1561 1358 1848">
    <p class='ocr_par' dir='ltr' id='par_1_3' title="bbox 336 1561 1358 1848">
     <span class='ocr_line' id='line_1_7' title="bbox 336 1561 1358 1646; baseline 0.004 -15"><span class='ocrx_word' id='word_1_33' title='bbox 336 1562 423 1631; x_wconf 86' lang='lat' dir='ltr'><strong>vm.</strong></span> <span class='ocrx_word' id='word_1_34' title='bbox 443 1563 489 1630; x_wconf 84' lang='lat' dir='ltr'><strong>De</strong></span> <span class='ocrx_word' id='word_1_35' title='bbox 511 1563 661 1631; x_wconf 82' lang='lat' dir='ltr'><strong>transita</strong></span> <span class='ocrx_word' id='word_1_36' title='bbox 677 1562 870 1646; x_wconf 77' lang='lat' dir='ltr'><strong>willibaldi,</strong></span> <span class='ocrx_word' id='word_1_37' title='bbox 893 1561 1019 1635; x_wconf 80' lang='lat' dir='ltr'><strong>iterari</strong></span> <span class='ocrx_word' id='word_1_38' title='bbox 1039 1566 1187 1635; x_wconf 78' lang='lat' dir='ltr'><strong>Romam:</strong></span> <span class='ocrx_word' id='word_1_39' title='bbox 1207 1567 1358 1635; x_wconf 85' lang='lat' dir='ltr'><strong>iianelea</strong></span> 
     </span>
     <span class='ocr_line' id='line_1_8' title="bbox 336 1669 1356 1848; baseline 0.003 -110"><span class='ocrx_word' id='word_1_40' title='bbox 336 1670 467 1752; x_wconf 65' lang='lat' dir='ltr'><strong>latta,</strong></span> <span class='ocrx_word' id='word_1_41' title='bbox 491 1669 631 1755; x_wconf 76' lang='lat' dir='ltr'><strong>Sigana,</strong></span> <span class='ocrx_word' id='word_1_42' title='bbox 654 1671 1060 1848; x_wconf 51' lang='lat' dir='ltr'><strong>mmmmm</strong></span> <span class='ocrx_word' id='word_1_43' title='bbox 1084 1673 1183 1753; x_wconf 78' lang='lat' dir='ltr'><strong>Lana.</strong></span> <span class='ocrx_word' id='word_1_44' title='bbox 1215 1692 1243 1740; x_wconf 89' lang='lat' dir='ltr'><strong>s.</strong></span> <span class='ocrx_word' id='word_1_45' title='bbox 1266 1674 1356 1743; x_wconf 85' lang='lat' dir='ltr'><strong>Petri</strong></span> 
     </span>
    </p>
   </div>
   <div class='ocr_carea' id='block_1_4' title="bbox 272 1992 1358 3810">
    <p class='ocr_par' dir='ltr' id='par_1_4' title="bbox 272 1992 1358 3810">
     <span class='ocr_line' id='line_1_9' title="bbox 366 1992 1358 2088; baseline 0.003 -22"><span class='ocrx_word' id='word_1_46' title='bbox 366 2047 369 2052; x_wconf 83' lang='lat'>.</span> <span class='ocrx_word' id='word_1_47' title='bbox 415 1992 500 2067; x_wconf 89' lang='lat' dir='ltr'><strong>Post</strong></span> <span class='ocrx_word' id='word_1_48' title='bbox 526 1993 609 2066; x_wconf 83' lang='lat' dir='ltr'><strong>haec</strong></span> <span class='ocrx_word' id='word_1_49' title='bbox 635 1994 750 2087; x_wconf 86' lang='lat' dir='ltr'><strong>itaque</strong></span> <span class='ocrx_word' id='word_1_50' title='bbox 774 2016 861 2086; x_wconf 87' lang='lat' dir='ltr'><strong>oum,</strong></span> <span class='ocrx_word' id='word_1_51' title='bbox 891 2002 1083 2088; x_wconf 86' lang='lat' dir='ltr'><strong>temporum</strong></span> <span class='ocrx_word' id='word_1_52' title='bbox 1111 1997 1292 2071; x_wconf 83' lang='lat' dir='ltr'><strong>intervallo</strong></span> <span class='ocrx_word' id='word_1_53' title='bbox 1321 2005 1358 2070; x_wconf 90' lang='lat' dir='ltr'><strong>et</strong></span> 
     </span>
     <span class='ocr_line' id='line_1_10' title="bbox 337 2128 1356 2221; baseline 0.001 -22"><span class='ocrx_word' id='word_1_54' title='bbox 337 2138 501 2200; x_wconf 81' lang='lat' dir='ltr'><strong>annorum</strong></span> <span class='ocrx_word' id='word_1_55' title='bbox 528 2134 695 2218; x_wconf 80' lang='lat' dir='ltr'><strong>vergente</strong></span> <span class='ocrx_word' id='word_1_56' title='bbox 722 2128 886 2202; x_wconf 85' lang='lat' dir='ltr'><strong>curriculo</strong></span> <span class='ocrx_word' id='word_1_57' title='bbox 898 2129 1034 2218; x_wconf 84' lang='lat' dir='ltr'><strong>aetatis,</strong></span> <span class='ocrx_word' id='word_1_58' title='bbox 1060 2129 1134 2221; x_wconf 87' lang='lat' dir='ltr'><strong>jnm</strong></span> <span class='ocrx_word' id='word_1_59' title='bbox 1161 2131 1356 2202; x_wconf 89' lang='lat' dir='ltr'><strong>immineret</strong></span> 
     </span>
     <span class='ocr_line' id='line_1_11' title="bbox 338 2258 1353 2352; baseline 0.004 -23"><span class='ocrx_word' id='word_1_60' title='bbox 338 2264 482 2351; x_wconf 83' lang='lat' dir='ltr'><strong>tempos,</strong></span> <span class='ocrx_word' id='word_1_61' title='bbox 510 2264 611 2351; x_wconf 91' lang='lat' dir='ltr'><strong>pater</strong></span> <span class='ocrx_word' id='word_1_62' title='bbox 636 2282 716 2334; x_wconf 88' lang='lat' dir='ltr'><strong>sans</strong></span> <span class='ocrx_word' id='word_1_63' title='bbox 730 2266 767 2333; x_wconf 89' lang='lat' dir='ltr'><strong>et</strong></span> <span class='ocrx_word' id='word_1_64' title='bbox 784 2258 895 2334; x_wconf 85' lang='lat' dir='ltr'><strong>frater</strong></span> <span class='ocrx_word' id='word_1_65' title='bbox 909 2260 1046 2334; x_wconf 81' lang='lat' dir='ltr'><strong>coelebs</strong></span> <span class='ocrx_word' id='word_1_66' title='bbox 1059 2263 1353 2352; x_wconf 86' lang='lat' dir='ltr'><strong>praedestinatum</strong></span> 
     </span>
     <span class='ocr_line' id='line_1_12' title="bbox 338 2391 1355 2484; baseline 0.001 -20"><span class='ocrx_word' id='word_1_67' title='bbox 338 2396 375 2464; x_wconf 89' lang='lat' dir='ltr'><strong>et</strong></span> <span class='ocrx_word' id='word_1_68' title='bbox 418 2391 617 2484; x_wconf 85' lang='lat' dir='ltr'><strong>adoptatum</strong></span> <span class='ocrx_word' id='word_1_69' title='bbox 664 2393 913 2467; x_wconf 86' lang='lat' dir='ltr'><strong>inchoaverunt</strong></span> <span class='ocrx_word' id='word_1_70' title='bbox 956 2395 1033 2466; x_wconf 88' lang='lat' dir='ltr'><strong>iter.</strong></span> <span class='ocrx_word' id='word_1_71' title='bbox 1108 2393 1159 2465; x_wconf 82' lang='lat' dir='ltr'><strong>Et</strong></span> <span class='ocrx_word' id='word_1_72' title='bbox 1206 2414 1355 2484; x_wconf 81' lang='lat' dir='ltr'><strong>congano</strong></span> 
     </span>
     <span class='ocr_line' id='line_1_13' title="bbox 336 2524 1355 2628; baseline 0.001 -33"><span class='ocrx_word' id='word_1_73' title='bbox 336 2524 475 2596; x_wconf 82' lang='lat' dir='ltr'><strong>aestatis</strong></span> <span class='ocrx_word' id='word_1_74' title='bbox 502 2529 656 2616; x_wconf 92' lang='lat' dir='ltr'><strong>tempore</strong></span> <span class='ocrx_word' id='word_1_75' title='bbox 688 2528 837 2619; x_wconf 81' lang='lat' dir='ltr'><strong>prompti</strong></span> <span class='ocrx_word' id='word_1_76' title='bbox 865 2546 906 2598; x_wconf 90' lang='lat' dir='ltr'><strong>ac</strong></span> <span class='ocrx_word' id='word_1_77' title='bbox 934 2527 1063 2628; x_wconf 86' lang='lat' dir='ltr'><strong>parati,</strong></span> <span class='ocrx_word' id='word_1_78' title='bbox 1093 2528 1211 2599; x_wconf 87' lang='lat' dir='ltr'><strong>sumtis</strong></span> <span class='ocrx_word' id='word_1_79' title='bbox 1243 2547 1355 2599; x_wconf 90' lang='lat' dir='ltr'><strong>secum</strong></span> 
     </span>
     <span class='ocr_line' id='line_1_14' title="bbox 336 2655 1355 2748; baseline 0.002 -23"><span class='ocrx_word' id='word_1_80' title='bbox 336 2656 430 2729; x_wconf 89' lang='lat' dir='ltr'><strong>vitae</strong></span> <span class='ocrx_word' id='word_1_81' title='bbox 458 2655 643 2748; x_wconf 87' lang='lat' dir='ltr'><strong>stipendiis,</strong></span> <span class='ocrx_word' id='word_1_82' title='bbox 673 2679 750 2732; x_wconf 88' lang='lat' dir='ltr'><strong>oum</strong></span> <span class='ocrx_word' id='word_1_83' title='bbox 768 2659 975 2746; x_wconf 85' lang='lat' dir='ltr'><strong>collegarum</strong></span> <span class='ocrx_word' id='word_1_84' title='bbox 997 2663 1097 2732; x_wconf 86' lang='lat' dir='ltr'><strong>coetu</strong></span> <span class='ocrx_word' id='word_1_85' title='bbox 1124 2658 1355 2732; x_wconf 86' lang='lat' dir='ltr'><strong>comitantium</strong></span> 
     </span>
     <span class='ocr_line' id='line_1_15' title="bbox 339 2786 1353 2881; baseline 0 -22"><span class='ocrx_word' id='word_1_86' title='bbox 339 2786 383 2859; x_wconf 90' lang='lat' dir='ltr'><strong>ad</strong></span> <span class='ocrx_word' id='word_1_87' title='bbox 410 2788 488 2862; x_wconf 89' lang='lat' dir='ltr'><strong>loca</strong></span> <span class='ocrx_word' id='word_1_88' title='bbox 514 2797 681 2863; x_wconf 89' lang='lat' dir='ltr'><strong>venerunt</strong></span> <span class='ocrx_word' id='word_1_89' title='bbox 708 2792 886 2881; x_wconf 85' lang='lat' dir='ltr'><strong>destinata,</strong></span> <span class='ocrx_word' id='word_1_90' title='bbox 923 2791 1136 2881; x_wconf 88' lang='lat' dir='ltr'><strong>quaepm&#39;sco</strong></span> <span class='ocrx_word' id='word_1_91' title='bbox 1153 2790 1353 2864; x_wconf 76' lang='lat' dir='ltr'><strong>dicebantur</strong></span> 
     </span>
     <span class='ocr_line' id='line_1_16' title="bbox 335 2918 1352 3016; baseline 0.001 -25"><span class='ocrx_word' id='word_1_92' title='bbox 335 2918 503 2993; x_wconf 86' lang='lat' dir='ltr'><strong>vocabalo</strong></span> <span class='ocrx_word' id='word_1_93' title='bbox 529 2918 702 2995; x_wconf 76' lang='lat' dir='ltr'><strong>Hametea</strong></span> <span class='ocrx_word' id='word_1_94' title='bbox 715 2921 855 3012; x_wconf 67' lang='lat' dir='ltr'><strong>Manto,</strong></span> <span class='ocrx_word' id='word_1_95' title='bbox 880 2923 979 3016; x_wconf 80' lang='lat' dir='ltr'><strong>juxta</strong></span> <span class='ocrx_word' id='word_1_96' title='bbox 993 2921 1352 3013; x_wconf 87' lang='lat' dir='ltr'><strong>iiludmeroimonium‚</strong></span> 
     </span>
     <span class='ocr_line' id='line_1_17' title="bbox 336 3050 1354 3144; baseline 0 -18"><span class='ocrx_word' id='word_1_97' title='bbox 336 3053 425 3144; x_wconf 80' lang='lat' dir='ltr'><strong>qaod</strong></span> <span class='ocrx_word' id='word_1_98' title='bbox 464 3053 586 3127; x_wconf 86' lang='lat' dir='ltr'><strong>dieitur</strong></span> <span class='ocrx_word' id='word_1_99' title='bbox 611 3050 787 3130; x_wconf 79' lang='lat' dir='ltr'><strong>Harnwii.</strong></span> <span class='ocrx_word' id='word_1_100' title='bbox 841 3053 889 3127; x_wconf 86' lang='lat' dir='ltr'><strong>Et</strong></span> <span class='ocrx_word' id='word_1_101' title='bbox 926 3076 993 3127; x_wconf 90' lang='lat' dir='ltr'><strong>non</strong></span> <span class='ocrx_word' id='word_1_102' title='bbox 1032 3056 1142 3128; x_wconf 86' lang='lat' dir='ltr'><strong>mrrlta</strong></span> <span class='ocrx_word' id='word_1_103' title='bbox 1178 3060 1354 3127; x_wconf 88' lang='lat' dir='ltr'><strong>transacta</strong></span> 
     </span>
     <span class='ocr_line' id='line_1_18' title="bbox 272 3186 1352 3280; baseline -0.004 -17"><span class='ocrx_word' id='word_1_104' title='bbox 272 3251 278 3263; x_wconf 86' lang='lat'><em>.</em></span> <span class='ocrx_word' id='word_1_105' title='bbox 328 3186 494 3277; x_wconf 89' lang='lat' dir='ltr'><strong>temporis</strong></span> <span class='ocrx_word' id='word_1_106' title='bbox 520 3186 773 3280; x_wconf 83' lang='lat' dir='ltr'>intercapedine</span> <span class='ocrx_word' id='word_1_107' title='bbox 802 3193 836 3260; x_wconf 88' lang='lat' dir='ltr'><strong>et</strong></span> <span class='ocrx_word' id='word_1_108' title='bbox 864 3187 999 3277; x_wconf 79' lang='lat' dir='ltr'><strong>navigio</strong></span> <span class='ocrx_word' id='word_1_109' title='bbox 1015 3193 1146 3279; x_wconf 86' lang='lat' dir='ltr'><strong>parato,</strong></span> <span class='ocrx_word' id='word_1_110' title='bbox 1179 3187 1352 3259; x_wconf 88' lang='lat' dir='ltr'><strong>nautaiile</strong></span> 
     </span>
     <span class='ocr_line' id='line_1_19' title="bbox 327 3318 1349 3412; baseline 0.002 -22"><span class='ocrx_word' id='word_1_111' title='bbox 327 3338 403 3390; x_wconf 88' lang='lat' dir='ltr'><strong>cam</strong></span> <span class='ocrx_word' id='word_1_112' title='bbox 443 3318 605 3392; x_wconf 79' lang='lat' dir='ltr'><strong>classibus</strong></span> <span class='ocrx_word' id='word_1_113' title='bbox 643 3339 774 3409; x_wconf 88' lang='lat' dir='ltr'><strong>suoque</strong></span> <span class='ocrx_word' id='word_1_114' title='bbox 815 3319 992 3408; x_wconf 89' lang='lat' dir='ltr'><strong>nauclero,</strong></span> <span class='ocrx_word' id='word_1_115' title='bbox 1038 3320 1139 3392; x_wconf 89' lang='lat' dir='ltr'><strong>naulo</strong></span> <span class='ocrx_word' id='word_1_116' title='bbox 1185 3321 1349 3412; x_wconf 89' lang='lat' dir='ltr'><strong>impenso,</strong></span> 
     </span>
     <span class='ocr_line' id='line_1_20' title="bbox 329 3449 1347 3545; baseline 0.002 -24"><span class='ocrx_word' id='word_1_117' title='bbox 329 3449 432 3522; x_wconf 85' lang='lat' dir='ltr'><strong>circio</strong></span> <span class='ocrx_word' id='word_1_118' title='bbox 459 3449 576 3540; x_wconf 84' lang='lat' dir='ltr'><strong>flante,</strong></span> <span class='ocrx_word' id='word_1_119' title='bbox 605 3456 709 3543; x_wconf 86' lang='lat' dir='ltr'><strong>ponto</strong></span> <span class='ocrx_word' id='word_1_120' title='bbox 725 3450 887 3543; x_wconf 89' lang='lat' dir='ltr'><strong>pollente,</strong></span> <span class='ocrx_word' id='word_1_121' title='bbox 917 3451 1068 3542; x_wconf 82' lang='lat' dir='ltr'><strong>remigiis</strong></span> <span class='ocrx_word' id='word_1_122' title='bbox 1092 3454 1347 3545; x_wconf 81' lang='lat' dir='ltr'><strong>crepitantibus,</strong></span> 
     </span>
     <span class='ocr_line' id='line_1_21' title="bbox 328 3579 1345 3677; baseline 0.003 -23"><span class='ocrx_word' id='word_1_123' title='bbox 328 3579 488 3654; x_wconf 78' lang='lat' dir='ltr'><strong>classibus</strong></span> <span class='ocrx_word' id='word_1_124' title='bbox 502 3580 724 3657; x_wconf 85' lang='lat' dir='ltr'><strong>clamantibus</strong></span> <span class='ocrx_word' id='word_1_125' title='bbox 742 3583 891 3655; x_wconf 88' lang='lat' dir='ltr'><strong>celocem</strong></span> <span class='ocrx_word' id='word_1_126' title='bbox 905 3585 1137 3659; x_wconf 75' lang='lat' dir='ltr'><strong>ascenderunt.</strong></span> <span class='ocrx_word' id='word_1_127' title='bbox 1179 3586 1345 3677; x_wconf 88' lang='lat' dir='ltr'><strong>Tumque,</strong></span> 
     </span>
     <span class='ocr_line' id='line_1_22' title="bbox 326 3713 1345 3810; baseline 0.005 -26"><span class='ocrx_word' id='word_1_128' title='bbox 326 3713 541 3786; x_wconf 77' lang='lat' dir='ltr'><strong>transmeatis</strong></span> <span class='ocrx_word' id='word_1_129' title='bbox 568 3715 742 3791; x_wconf 87' lang='lat' dir='ltr'><strong>maritimis</strong></span> <span class='ocrx_word' id='word_1_130' title='bbox 754 3714 921 3789; x_wconf 86' lang='lat' dir='ltr'><strong>fluctuum</strong></span> <span class='ocrx_word' id='word_1_131' title='bbox 948 3715 1183 3792; x_wconf 84' lang='lat' dir='ltr'><strong>formidinibus</strong></span> <span class='ocrx_word' id='word_1_132' title='bbox 1210 3719 1345 3810; x_wconf 89' lang='lat' dir='ltr'><strong>pericu·</strong></span> 
     </span>
    </p>
   </div>
   <div class='ocr_carea' id='block_1_5' title="bbox 0 0 1688 4650">
    <p class='ocr_par' dir='ltr' id='par_1_5' title="bbox 0 0 1688 4650">
     <span class='ocr_line' id='line_1_23' title="bbox 0 0 1688 4650; baseline 0 2"><span class='ocrx_word' id='word_1_133' title='bbox 0 0 1688 4650; x_wconf 95' lang='lat' dir='ltr'><strong> </strong></span> 
     </span>
    </p>
   </div>
  </div>
 </body>
</html>
