<?xml version="1.0" encoding="UTF-8"?>
<!DOCTYPE html PUBLIC "-//W3C//DTD XHTML 1.0 Transitional//EN"
    "http://www.w3.org/TR/xhtml1/DTD/xhtml1-transitional.dtd">
<html xmlns="http://www.w3.org/1999/xhtml" xml:lang="en" lang="en">
 <head>
  <title>
</title>
<meta http-equiv="Content-Type" content="text/html;charset=utf-8" />
  <meta name='ocr-system' content='tesseract 3.04.00' />
  <meta name='ocr-capabilities' content='ocr_page ocr_carea ocr_par ocr_line ocrx_word'/>
</head>
<body>
  <div class='ocr_page' id='page_1' title='image "./descriptioneste00toblgoog_0187.png"; bbox 0 0 3368 4650; ppageno 0'>
   <div class='ocr_carea' id='block_1_1' title="bbox 390 503 454 574">
    <p class='ocr_par' dir='ltr' id='par_1_1' title="bbox 390 503 454 574">
     <span class='ocr_line' id='line_1_1' title="bbox 390 503 454 574; baseline 0.063 -3"><span class='ocrx_word' id='word_1_1' title='bbox 390 503 454 574; x_wconf 81' lang='lat' dir='ltr'><strong>ltu</strong></span> 
     </span>
    </p>
   </div>
   <div class='ocr_carea' id='block_1_2' title="bbox 380 678 1407 2368">
    <p class='ocr_par' dir='ltr' id='par_1_2' title="bbox 386 678 1404 902">
     <span class='ocr_line' id='line_1_2' title="bbox 386 678 1404 772; baseline -0.004 -14"><span class='ocrx_word' id='word_1_2' title='bbox 386 679 525 758; x_wconf 87' lang='lat' dir='ltr'><strong>dentem</strong></span> <span class='ocrx_word' id='word_1_3' title='bbox 563 681 756 754; x_wconf 87' lang='lat' dir='ltr'><strong>deriserunt</strong></span> <span class='ocrx_word' id='word_1_4' title='bbox 788 682 1032 755; x_wconf 74' lang='lat' dir='ltr'><strong>exclamantes:</strong></span> <span class='ocrx_word' id='word_1_5' title='bbox 1080 678 1260 772; x_wconf 71' lang='lat' dir='ltr'><strong>demde,</strong></span> <span class='ocrx_word' id='word_1_6' title='bbox 1296 681 1404 770; x_wconf 81' lang='lat' dir='ltr'><strong>coloe,</strong></span> 
     </span>
     <span class='ocr_line' id='line_1_3' title="bbox 386 812 758 902; baseline 0 -16"><span class='ocrx_word' id='word_1_7' title='bbox 386 812 543 902; x_wconf 69' lang='lat' dir='ltr'><strong>mwtde,</strong></span> <span class='ocrx_word' id='word_1_8' title='bbox 570 812 669 885; x_wconf 84' lang='lat' dir='ltr'><strong>calve</strong></span> <span class='ocrx_word' id='word_1_9' title='bbox 696 820 758 886; x_wconf 85' lang='lat' dir='ltr'><strong>etc</strong></span> 
     </span>
    </p>

    <p class='ocr_par' dir='ltr' id='par_1_3' title="bbox 382 944 1407 1586">
     <span class='ocr_line' id='line_1_4' title="bbox 465 944 1407 1037; baseline 0.003 -20"><span class='ocrx_word' id='word_1_10' title='bbox 465 944 587 1018; x_wconf 88' lang='lat' dir='ltr'><strong>Tertio</strong></span> <span class='ocrx_word' id='word_1_11' title='bbox 614 945 725 1037; x_wconf 92' lang='lat' dir='ltr'><strong>lapide</strong></span> <span class='ocrx_word' id='word_1_12' title='bbox 752 964 774 1016; x_wconf 93' lang='lat' dir='ltr'><strong>a</strong></span> <span class='ocrx_word' id='word_1_13' title='bbox 799 945 955 1037; x_wconf 79' lang='lat' dir='ltr'><strong>iericho,</strong></span> <span class='ocrx_word' id='word_1_14' title='bbox 994 945 1126 1019; x_wconf 90' lang='lat' dir='ltr'><strong>duobus</strong></span> <span class='ocrx_word' id='word_1_15' title='bbox 1152 947 1358 1020; x_wconf 78' lang='lat' dir='ltr'><strong>milliaribus</strong></span> <span class='ocrx_word' id='word_1_16' title='bbox 1385 967 1407 1019; x_wconf 87' lang='lat' dir='ltr'><strong>a</strong></span> 
     </span>
     <span class='ocr_line' id='line_1_5' title="bbox 383 1076 1404 1173; baseline 0.002 -20"><span class='ocrx_word' id='word_1_17' title='bbox 383 1076 536 1153; x_wconf 83' lang='lat' dir='ltr'><strong>Jordune</strong></span> <span class='ocrx_word' id='word_1_18' title='bbox 563 1078 792 1169; x_wconf 82' lang='lat' dir='ltr'><strong>Bathagla,</strong></span> <span class='ocrx_word' id='word_1_19' title='bbox 822 1078 912 1169; x_wconf 90' lang='lat' dir='ltr'><strong>quod</strong></span> <span class='ocrx_word' id='word_1_20' title='bbox 935 1079 1180 1173; x_wconf 90' lang='lat' dir='ltr'><strong>interpretatur</strong></span> <span class='ocrx_word' id='word_1_21' title='bbox 1201 1081 1299 1155; x_wconf 90' lang='lat' dir='ltr'><strong>locus</strong></span> <span class='ocrx_word' id='word_1_22' title='bbox 1318 1080 1404 1172; x_wconf 78' lang='lat' dir='ltr'><strong>gyri,</strong></span> 
     </span>
     <span class='ocr_line' id='line_1_6' title="bbox 384 1211 1406 1318; baseline 0.007 -35"><span class='ocrx_word' id='word_1_23' title='bbox 384 1233 426 1318; x_wconf 84' lang='lat' dir='ltr'><strong>eo</strong></span> <span class='ocrx_word' id='word_1_24' title='bbox 462 1211 553 1303; x_wconf 89' lang='lat' dir='ltr'><strong>quod</strong></span> <span class='ocrx_word' id='word_1_25' title='bbox 587 1212 637 1284; x_wconf 91' lang='lat' dir='ltr'><strong>ibi</strong></span> <span class='ocrx_word' id='word_1_26' title='bbox 669 1232 764 1284; x_wconf 90' lang='lat' dir='ltr'><strong>more</strong></span> <span class='ocrx_word' id='word_1_27' title='bbox 796 1212 1029 1303; x_wconf 82' lang='lat' dir='ltr'><strong>plangentium</strong></span> <span class='ocrx_word' id='word_1_28' title='bbox 1068 1215 1266 1290; x_wconf 82' lang='lat' dir='ltr'><strong>circuissent</strong></span> <span class='ocrx_word' id='word_1_29' title='bbox 1308 1213 1406 1290; x_wconf 86' lang='lat' dir='ltr'><strong>iunua</strong></span> 
     </span>
     <span class='ocr_line' id='line_1_7' title="bbox 382 1343 1404 1438; baseline 0.005 -21"><span class='ocrx_word' id='word_1_30' title='bbox 382 1343 489 1417; x_wconf 84' lang='lat' dir='ltr'><strong>Jacob</strong></span> <span class='ocrx_word' id='word_1_31' title='bbox 527 1343 590 1416; x_wconf 89' lang='lat' dir='ltr'><strong>lilii</strong></span> <span class='ocrx_word' id='word_1_32' title='bbox 628 1345 702 1438; x_wconf 89' lang='lat' dir='ltr'><strong>ejus</strong></span> <span class='ocrx_word' id='word_1_33' title='bbox 739 1363 891 1436; x_wconf 78' lang='lat' dir='ltr'><strong>gensque</strong></span> <span class='ocrx_word' id='word_1_34' title='bbox 924 1367 1002 1437; x_wconf 89' lang='lat' dir='ltr'><strong>sua,</strong></span> <span class='ocrx_word' id='word_1_35' title='bbox 1039 1347 1226 1423; x_wconf 86' lang='lat' dir='ltr'><strong>relerentes</strong></span> <span class='ocrx_word' id='word_1_36' title='bbox 1253 1370 1334 1432; x_wconf 88' lang='lat' dir='ltr'><strong>aum</strong></span> <span class='ocrx_word' id='word_1_37' title='bbox 1361 1349 1404 1422; x_wconf 94' lang='lat' dir='ltr'><strong>de</strong></span> 
     </span>
     <span class='ocr_line' id='line_1_8' title="bbox 382 1476 784 1586; baseline 0.01 -37"><span class='ocrx_word' id='word_1_38' title='bbox 382 1478 542 1586; x_wconf 81' lang='lat' dir='ltr'><strong>Aegypto</strong></span> <span class='ocrx_word' id='word_1_39' title='bbox 569 1476 606 1549; x_wconf 92' lang='lat' dir='ltr'><strong>in</strong></span> <span class='ocrx_word' id='word_1_40' title='bbox 632 1477 784 1553; x_wconf 91' lang='lat' dir='ltr'><strong>Hebron.</strong></span> 
     </span>
    </p>

    <p class='ocr_par' dir='ltr' id='par_1_4' title="bbox 380 1609 1404 2368">
     <span class='ocr_line' id='line_1_9' title="bbox 444 1609 1404 1707; baseline 0.005 -25"><span class='ocrx_word' id='word_1_41' title='bbox 444 1609 664 1702; x_wconf 78' lang='lat' dir='ltr'><strong>-Engaddi</strong></span> <span class='ocrx_word' id='word_1_42' title='bbox 690 1613 725 1684; x_wconf 94' lang='lat' dir='ltr'><strong>in</strong></span> <span class='ocrx_word' id='word_1_43' title='bbox 753 1611 844 1683; x_wconf 91' lang='lat' dir='ltr'><strong>tribu</strong></span> <span class='ocrx_word' id='word_1_44' title='bbox 863 1611 965 1707; x_wconf 77' lang='lat' dir='ltr'><strong>luda,</strong></span> <span class='ocrx_word' id='word_1_45' title='bbox 995 1615 1053 1688; x_wconf 92' lang='lat' dir='ltr'><strong>ubi</strong></span> <span class='ocrx_word' id='word_1_46' title='bbox 1079 1636 1115 1689; x_wconf 92' lang='lat' dir='ltr'><strong>se</strong></span> <span class='ocrx_word' id='word_1_47' title='bbox 1133 1615 1313 1690; x_wconf 81' lang='lat' dir='ltr'><strong>abscondit</strong></span> <span class='ocrx_word' id='word_1_48' title='bbox 1333 1615 1404 1687; x_wconf 90' lang='lat' dir='ltr'><strong>Da·</strong></span> 
     </span>
     <span class='ocr_line' id='line_1_10' title="bbox 383 1745 1403 1843; baseline 0.004 -26"><span class='ocrx_word' id='word_1_49' title='bbox 383 1745 439 1817; x_wconf 85' lang='lat' dir='ltr'><strong>rid</strong></span> <span class='ocrx_word' id='word_1_50' title='bbox 464 1745 500 1816; x_wconf 94' lang='lat' dir='ltr'><strong>in</strong></span> <span class='ocrx_word' id='word_1_51' title='bbox 527 1745 722 1837; x_wconf 85' lang='lat' dir='ltr'><strong>solitudine,</strong></span> <span class='ocrx_word' id='word_1_52' title='bbox 751 1766 838 1836; x_wconf 89' lang='lat' dir='ltr'><strong>quae</strong></span> <span class='ocrx_word' id='word_1_53' title='bbox 865 1753 918 1819; x_wconf 88' lang='lat' dir='ltr'><strong>est</strong></span> <span class='ocrx_word' id='word_1_54' title='bbox 943 1749 977 1820; x_wconf 94' lang='lat' dir='ltr'><strong>in</strong></span> <span class='ocrx_word' id='word_1_55' title='bbox 992 1749 1125 1823; x_wconf 82' lang='lat' dir='ltr'><strong>Aulona</strong></span> <span class='ocrx_word' id='word_1_56' title='bbox 1152 1748 1310 1843; x_wconf 88' lang='lat' dir='ltr'><strong>Jericbo,</strong></span> <span class='ocrx_word' id='word_1_57' title='bbox 1339 1748 1403 1821; x_wconf 88' lang='lat' dir='ltr'><strong>boc</strong></span> 
     </span>
     <span class='ocr_line' id='line_1_11' title="bbox 382 1877 1403 1971; baseline 0.002 -21"><span class='ocrx_word' id='word_1_58' title='bbox 382 1883 444 1970; x_wconf 86' lang='lat' dir='ltr'><strong>est,</strong></span> <span class='ocrx_word' id='word_1_59' title='bbox 472 1877 507 1949; x_wconf 93' lang='lat' dir='ltr'><strong>in</strong></span> <span class='ocrx_word' id='word_1_60' title='bbox 533 1879 675 1969; x_wconf 78' lang='lat' dir='ltr'><strong>regione</strong></span> <span class='ocrx_word' id='word_1_61' title='bbox 698 1880 754 1951; x_wconf 91' lang='lat' dir='ltr'><strong>illa</strong></span> <span class='ocrx_word' id='word_1_62' title='bbox 773 1884 964 1971; x_wconf 79' lang='lat' dir='ltr'><strong>campestri.</strong></span> <span class='ocrx_word' id='word_1_63' title='bbox 1003 1881 1154 1956; x_wconf 85' lang='lat' dir='ltr'><strong>Vocatur</strong></span> <span class='ocrx_word' id='word_1_64' title='bbox 1174 1889 1291 1954; x_wconf 86' lang='lat' dir='ltr'><strong>autem</strong></span> <span class='ocrx_word' id='word_1_65' title='bbox 1309 1881 1403 1953; x_wconf 84' lang='lat' dir='ltr'><strong>vicus</strong></span> 
     </span>
     <span class='ocr_line' id='line_1_12' title="bbox 380 2010 1401 2107; baseline 0.002 -26"><span class='ocrx_word' id='word_1_66' title='bbox 380 2010 438 2081; x_wconf 90' lang='lat' dir='ltr'><strong>ille</strong></span> <span class='ocrx_word' id='word_1_67' title='bbox 465 2011 699 2107; x_wconf 47' lang='lat' dir='ltr'><strong>,praegrandis</strong></span> <span class='ocrx_word' id='word_1_68' title='bbox 735 2011 939 2104; x_wconf 90' lang='lat' dir='ltr'><strong>judaeorum</strong></span> <span class='ocrx_word' id='word_1_69' title='bbox 975 2014 1135 2103; x_wconf 84' lang='lat' dir='ltr'><strong>Engaddi</strong></span> <span class='ocrx_word' id='word_1_70' title='bbox 1172 2015 1273 2107; x_wconf 83' lang='lat' dir='ltr'><strong>juxta</strong></span> <span class='ocrx_word' id='word_1_71' title='bbox 1305 2031 1401 2085; x_wconf 87' lang='lat' dir='ltr'><strong>mare</strong></span> 
     </span>
     <span class='ocr_line' id='line_1_13' title="bbox 380 2141 1401 2234; baseline 0 -20"><span class='ocrx_word' id='word_1_72' title='bbox 380 2141 576 2232; x_wconf 83' lang='lat' dir='ltr'><strong>Mortuum,</strong></span> <span class='ocrx_word' id='word_1_73' title='bbox 614 2142 704 2215; x_wconf 91' lang='lat' dir='ltr'><strong>unde</strong></span> <span class='ocrx_word' id='word_1_74' title='bbox 739 2150 775 2215; x_wconf 86' lang='lat' dir='ltr'><strong>et</strong></span> <span class='ocrx_word' id='word_1_75' title='bbox 801 2145 1057 2234; x_wconf 90' lang='lat' dir='ltr'><strong>opobalsamum</strong></span> <span class='ocrx_word' id='word_1_76' title='bbox 1088 2146 1169 2218; x_wconf 91' lang='lat' dir='ltr'><strong>oriri</strong></span> <span class='ocrx_word' id='word_1_77' title='bbox 1196 2145 1331 2219; x_wconf 86' lang='lat' dir='ltr'><strong>solebat</strong></span> <span class='ocrx_word' id='word_1_78' title='bbox 1364 2149 1401 2215; x_wconf 93' lang='lat' dir='ltr'><strong>et</strong></span> 
     </span>
     <span class='ocr_line' id='line_1_14' title="bbox 380 2271 1369 2368; baseline 0 -23"><span class='ocrx_word' id='word_1_79' title='bbox 380 2272 504 2355; x_wconf 75' lang='lat' dir='ltr'><strong>alieni</strong></span> <span class='ocrx_word' id='word_1_80' title='bbox 560 2271 660 2346; x_wconf 89' lang='lat' dir='ltr'><strong>Unda</strong></span> <span class='ocrx_word' id='word_1_81' title='bbox 675 2280 724 2346; x_wconf 82' lang='lat' dir='ltr'><strong>et</strong></span> <span class='ocrx_word' id='word_1_82' title='bbox 749 2275 869 2349; x_wconf 73' lang='lat' dir='ltr'><strong>nnana</strong></span> <span class='ocrx_word' id='word_1_83' title='bbox 895 2276 1052 2368; x_wconf 80' lang='lat' dir='ltr'><strong>Engaddi</strong></span> <span class='ocrx_word' id='word_1_84' title='bbox 1077 2278 1369 2368; x_wconf 86' lang='lat' dir='ltr'><strong>nuncupabantur.</strong></span> 
     </span>
    </p>
   </div>
   <div class='ocr_carea' id='block_1_3' title="bbox 379 2480 1398 2692">
    <p class='ocr_par' dir='ltr' id='par_1_5' title="bbox 379 2480 1398 2692">
     <span class='ocr_line' id='line_1_15' title="bbox 379 2480 1398 2584; baseline 0.002 -22"><span class='ocrx_word' id='word_1_85' title='bbox 379 2494 430 2562; x_wconf 84' lang='lat'><strong>21.</strong></span> <span class='ocrx_word' id='word_1_86' title='bbox 448 2480 451 2486; x_wconf 63' lang='grc'><strong>’</strong></span> <span class='ocrx_word' id='word_1_87' title='bbox 469 2480 608 2578; x_wconf 81' lang='lat' dir='ltr'><strong>Hebron,</strong></span> <span class='ocrx_word' id='word_1_88' title='bbox 630 2499 781 2582; x_wconf 85' lang='lat' dir='ltr'><strong>spelunca</strong></span> <span class='ocrx_word' id='word_1_89' title='bbox 805 2497 935 2582; x_wconf 81' lang='lat' dir='ltr'><strong>duplex,</strong></span> <span class='ocrx_word' id='word_1_90' title='bbox 957 2501 1295 2584; x_wconf 75' lang='lat' dir='ltr'><strong>vallbLaorlmarnm,</strong></span> <span class='ocrx_word' id='word_1_91' title='bbox 1319 2514 1398 2582; x_wconf 77' lang='lat' dir='ltr'><strong>agor</strong></span> 
     </span>
     <span class='ocr_line' id='line_1_16' title="bbox 462 2605 1016 2692; baseline 0.004 -22"><span class='ocrx_word' id='word_1_92' title='bbox 462 2605 686 2692; x_wconf 17' lang='lat' dir='ltr'><strong>,damascenua</strong></span> <span class='ocrx_word' id='word_1_93' title='bbox 710 2620 845 2689; x_wconf 86' lang='lat' dir='ltr'><strong>quercus</strong></span> <span class='ocrx_word' id='word_1_94' title='bbox 867 2606 1016 2674; x_wconf 76' lang='lat' dir='ltr'><strong>Mambre.</strong></span> 
     </span>
    </p>
   </div>
   <div class='ocr_carea' id='block_1_4' title="bbox 374 2801 1447 3824">
    <p class='ocr_par' dir='ltr' id='par_1_6' title="bbox 374 2801 1447 3824">
     <span class='ocr_line' id='line_1_17' title="bbox 455 2801 1395 2898; baseline -0.001 -25"><span class='ocrx_word' id='word_1_95' title='bbox 455 2801 513 2873; x_wconf 85' lang='lat' dir='ltr'><strong>Ex</strong></span> <span class='ocrx_word' id='word_1_96' title='bbox 539 2803 653 2876; x_wconf 89' lang='lat' dir='ltr'><strong>altera</strong></span> <span class='ocrx_word' id='word_1_97' title='bbox 679 2810 779 2897; x_wconf 86' lang='lat' dir='ltr'><strong>parte</strong></span> <span class='ocrx_word' id='word_1_98' title='bbox 805 2805 1011 2898; x_wconf 84' lang='lat' dir='ltr'><strong>Jerusalem,</strong></span> <span class='ocrx_word' id='word_1_99' title='bbox 1045 2805 1289 2896; x_wconf 89' lang='lat' dir='ltr'><strong>aliquantulum</strong></span> <span class='ocrx_word' id='word_1_100' title='bbox 1318 2822 1395 2873; x_wconf 90' lang='lat' dir='ltr'><strong>ver·</strong></span> 
     </span>
     <span class='ocr_line' id='line_1_18' title="bbox 375 2933 1393 3028; baseline -0.006 -19"><span class='ocrx_word' id='word_1_101' title='bbox 375 2957 431 3009; x_wconf 90' lang='lat' dir='ltr'><strong>sus</strong></span> <span class='ocrx_word' id='word_1_102' title='bbox 449 2934 638 3028; x_wconf 86' lang='lat' dir='ltr'><strong>meridiem,</strong></span> <span class='ocrx_word' id='word_1_103' title='bbox 667 2944 721 3010; x_wconf 92' lang='lat' dir='ltr'><strong>est</strong></span> <span class='ocrx_word' id='word_1_104' title='bbox 745 2938 866 3010; x_wconf 84' lang='lat' dir='ltr'><strong>civitas</strong></span> <span class='ocrx_word' id='word_1_105' title='bbox 893 2938 1077 3027; x_wconf 89' lang='lat' dir='ltr'><strong>Hebron,</strong></span> <span class='ocrx_word' id='word_1_106' title='bbox 1106 2958 1193 3028; x_wconf 90' lang='lat' dir='ltr'><strong>quae</strong></span> <span class='ocrx_word' id='word_1_107' title='bbox 1221 2933 1393 3026; x_wconf 88' lang='lat' dir='ltr'><strong>quondam</strong></span> 
     </span>
     <span class='ocr_line' id='line_1_19' title="bbox 375 3068 1395 3160; baseline -0.004 -18"><span class='ocrx_word' id='word_1_108' title='bbox 375 3073 450 3142; x_wconf 89' lang='lat' dir='ltr'><strong>erat</strong></span> <span class='ocrx_word' id='word_1_109' title='bbox 471 3069 672 3160; x_wconf 87' lang='lat' dir='ltr'><strong>metropolis</strong></span> <span class='ocrx_word' id='word_1_110' title='bbox 692 3069 940 3160; x_wconf 87' lang='lat' dir='ltr'><strong>philistinorum</strong></span> <span class='ocrx_word' id='word_1_111' title='bbox 965 3077 1001 3143; x_wconf 93' lang='lat' dir='ltr'><strong>et</strong></span> <span class='ocrx_word' id='word_1_112' title='bbox 1019 3069 1248 3141; x_wconf 80' lang='lat' dir='ltr'><strong>habitaculum</strong></span> <span class='ocrx_word' id='word_1_113' title='bbox 1275 3068 1395 3156; x_wconf 83' lang='lat' dir='ltr'><strong>gigan-</strong></span> 
     </span>
     <span class='ocr_line' id='line_1_20' title="bbox 376 3200 1392 3292; baseline -0.001 -21"><span class='ocrx_word' id='word_1_114' title='bbox 376 3204 461 3291; x_wconf 88' lang='lat' dir='ltr'><strong>tum,</strong></span> <span class='ocrx_word' id='word_1_115' title='bbox 501 3200 637 3274; x_wconf 89' lang='lat' dir='ltr'><strong>distans</strong></span> <span class='ocrx_word' id='word_1_116' title='bbox 663 3222 685 3274; x_wconf 89' lang='lat' dir='ltr'><strong>a</strong></span> <span class='ocrx_word' id='word_1_117' title='bbox 711 3207 827 3274; x_wconf 88' lang='lat' dir='ltr'><strong>sancta</strong></span> <span class='ocrx_word' id='word_1_118' title='bbox 859 3202 993 3275; x_wconf 86' lang='lat' dir='ltr'><strong>civitate</strong></span> <span class='ocrx_word' id='word_1_119' title='bbox 1025 3222 1088 3292; x_wconf 89' lang='lat' dir='ltr'><strong>per</strong></span> <span class='ocrx_word' id='word_1_120' title='bbox 1120 3200 1246 3274; x_wconf 88' lang='lat' dir='ltr'><strong>dietam</strong></span> <span class='ocrx_word' id='word_1_121' title='bbox 1279 3219 1392 3272; x_wconf 90' lang='lat' dir='ltr'><strong>unam.</strong></span> 
     </span>
     <span class='ocr_line' id='line_1_21' title="bbox 374 3330 1392 3406; baseline 0 -3"><span class='ocrx_word' id='word_1_122' title='bbox 374 3330 425 3403; x_wconf 86' lang='lat' dir='ltr'><strong>Et</strong></span> <span class='ocrx_word' id='word_1_123' title='bbox 453 3339 526 3405; x_wconf 88' lang='lat' dir='ltr'><strong>erat</strong></span> <span class='ocrx_word' id='word_1_124' title='bbox 561 3333 596 3406; x_wconf 95' lang='lat' dir='ltr'><strong>in</strong></span> <span class='ocrx_word' id='word_1_125' title='bbox 633 3334 725 3406; x_wconf 92' lang='lat' dir='ltr'><strong>tribu</strong></span> <span class='ocrx_word' id='word_1_126' title='bbox 751 3333 843 3406; x_wconf 79' lang='lat' dir='ltr'><strong>luda</strong></span> <span class='ocrx_word' id='word_1_127' title='bbox 877 3334 995 3406; x_wconf 80' lang='lat' dir='ltr'><strong>civitas</strong></span> <span class='ocrx_word' id='word_1_128' title='bbox 1022 3333 1080 3406; x_wconf 91' lang='lat' dir='ltr'><strong>illa</strong></span> <span class='ocrx_word' id='word_1_129' title='bbox 1105 3332 1327 3406; x_wconf 88' lang='lat' dir='ltr'><strong>sacerdotalis</strong></span> <span class='ocrx_word' id='word_1_130' title='bbox 1356 3337 1392 3403; x_wconf 90' lang='lat' dir='ltr'><strong>et</strong></span> 
     </span>
     <span class='ocr_line' id='line_1_22' title="bbox 374 3462 1393 3558; baseline 0.001 -22"><span class='ocrx_word' id='word_1_131' title='bbox 374 3462 591 3554; x_wconf 80' lang='lat' dir='ltr'><strong>lugitivorum</strong></span> <span class='ocrx_word' id='word_1_132' title='bbox 620 3466 697 3557; x_wconf 90' lang='lat' dir='ltr'><strong>sita,</strong></span> <span class='ocrx_word' id='word_1_133' title='bbox 725 3465 852 3538; x_wconf 86' lang='lat' dir='ltr'><strong>scilicet</strong></span> <span class='ocrx_word' id='word_1_134' title='bbox 878 3468 913 3537; x_wconf 93' lang='lat' dir='ltr'><strong>in</strong></span> <span class='ocrx_word' id='word_1_135' title='bbox 935 3487 1019 3555; x_wconf 79' lang='lat' dir='ltr'><strong>agro</strong></span> <span class='ocrx_word' id='word_1_136' title='bbox 1046 3465 1114 3556; x_wconf 92' lang='lat' dir='ltr'><strong>illo,</strong></span> <span class='ocrx_word' id='word_1_137' title='bbox 1142 3465 1177 3536; x_wconf 93' lang='lat' dir='ltr'><strong>in</strong></span> <span class='ocrx_word' id='word_1_138' title='bbox 1205 3486 1274 3558; x_wconf 89' lang='lat' dir='ltr'><strong>quo</strong></span> <span class='ocrx_word' id='word_1_139' title='bbox 1303 3465 1393 3556; x_wconf 89' lang='lat' dir='ltr'><strong>plas-</strong></span> 
     </span>
     <span class='ocr_line' id='line_1_23' title="bbox 374 3589 1447 3691; baseline -0.001 -23"><span class='ocrx_word' id='word_1_140' title='bbox 374 3606 482 3670; x_wconf 89' lang='lat' dir='ltr'><strong>mator</strong></span> <span class='ocrx_word' id='word_1_141' title='bbox 508 3599 661 3671; x_wconf 92' lang='lat' dir='ltr'><strong>omnium</strong></span> <span class='ocrx_word' id='word_1_142' title='bbox 686 3605 819 3690; x_wconf 84' lang='lat' dir='ltr'><strong>patrem</strong></span> <span class='ocrx_word' id='word_1_143' title='bbox 846 3605 996 3672; x_wconf 88' lang='lat' dir='ltr'><strong>nostrum</strong></span> <span class='ocrx_word' id='word_1_144' title='bbox 1011 3599 1119 3670; x_wconf 87' lang='lat' dir='ltr'><strong>Adam</strong></span> <span class='ocrx_word' id='word_1_145' title='bbox 1146 3598 1329 3691; x_wconf 88' lang='lat' dir='ltr'><strong>plasmavit</strong></span> <span class='ocrx_word' id='word_1_146' title='bbox 1337 3589 1394 3668; x_wconf 49' lang='lat' dir='ltr'><strong>*et</strong></span> <span class='ocrx_word' id='word_1_147' title='bbox 1443 3644 1447 3652; x_wconf 88' lang='lat'>-</span> 
     </span>
     <span class='ocr_line' id='line_1_24' title="bbox 374 3729 1391 3824; baseline -0.002 -22"><span class='ocrx_word' id='word_1_148' title='bbox 374 3731 561 3822; x_wconf 87' lang='lat' dir='ltr'><strong>inspiravit.</strong></span> <span class='ocrx_word' id='word_1_149' title='bbox 605 3731 750 3805; x_wconf 90' lang='lat' dir='ltr'><strong>Hebron</strong></span> <span class='ocrx_word' id='word_1_150' title='bbox 770 3731 996 3806; x_wconf 88' lang='lat' dir='ltr'><strong>Kariatharbe</strong></span> <span class='ocrx_word' id='word_1_151' title='bbox 1020 3732 1151 3824; x_wconf 89' lang='lat' dir='ltr'><strong>dicitur,</strong></span> <span class='ocrx_word' id='word_1_152' title='bbox 1175 3729 1391 3804; x_wconf 88' lang='lat' dir='ltr'><strong>sarracenice</strong></span> 
     </span>
    </p>
   </div>
   <div class='ocr_carea' id='block_1_5' title="bbox 0 0 1688 4650">
    <p class='ocr_par' dir='ltr' id='par_1_7' title="bbox 0 0 1688 4650">
     <span class='ocr_line' id='line_1_25' title="bbox 0 0 1688 4650; baseline 0 4"><span class='ocrx_word' id='word_1_153' title='bbox 0 0 1688 4650; x_wconf 95' lang='lat' dir='ltr'><strong> </strong></span> 
     </span>
    </p>
   </div>
  </div>
 </body>
</html>
