3368 4650
1255 564 1300 631 ⁴5

274 851 386 937 dendo
413 857 609 955 pruebebut,
652 855 710 946 in,
740 860 781 927 ut
807 855 957 929 omnium
984 875 1138 936 umorem
1165 874 1227 929 sen
1255 853 1301 926 ti·

276 1019 407 1072 nomm
444 996 479 1068 in
516 993 625 1088 ipsum
654 990 872 1083 provomndo
910 991 1121 1066 accersisset.
1178 989 1227 1063 Et
1264 990 1299 1062 in

275 1132 384 1223 primo
412 1148 505 1200 anno
520 1129 599 1200 illue
613 1126 761 1218 veniens,
792 1127 1017 1202 cubicularius
1035 1125 1103 1200 fuit
1122 1123 1299 1214 ecclesiae,
1428 1165 1432 1171 ·

276 1268 312 1334 et
346 1262 381 1333 in
415 1259 567 1332 secundo
602 1266 678 1331 erat
710 1261 858 1335 decanus
896 1261 931 1334 in
969 1260 1190 1334 monasterio.
1253 1257 1302 1330 Et

276 1399 395 1487 postes
422 1401 500 1464 octo
527 1413 634 1466 annus
660 1391 723 1465 fuit
749 1394 921 1483 portarius
949 1395 984 1466 in
1008 1395 1139 1467 duobus
1165 1414 1302 1466 mouns·

276 1526 387 1600 seriis:
420 1530 571 1615 quatuor
603 1544 709 1596 anuos
747 1534 822 1599 erut
854 1526 1027 1619 portarius
1055 1529 1089 1599 in
1117 1527 1176 1600 illu
1203 1549 1300 1600 mon·

276 1658 414 1747 nsterio,
444 1653 537 1748 quod
563 1660 635 1728 stat
660 1677 764 1746 supra
804 1658 839 1731 in
872 1664 988 1730 monte
1023 1659 1123 1730 valde
1151 1659 1299 1746 excelso,

275 1801 313 1867 et
340 1791 426 1864 ulios
439 1795 586 1882 quatuor
611 1793 687 1861 erut
714 1790 747 1860 in
774 1790 842 1861 elio
855 1791 1074 1880 monasterio,
1104 1791 1196 1883 quod
1209 1790 1300 1863 infru

275 1933 343 2000 sut
364 1927 465 2018 Juxta
492 1943 625 1995 amnem
659 1920 878 2015 Rapidum.
937 1924 988 1994 Et
1021 1926 1064 1998 nb
1106 1926 1166 1997 illo
1205 1946 1302 1998 mon·

276 2058 404 2133 asterio
435 2064 515 2130 sunt
549 2055 618 2127 dne
651 2055 807 2130 milliaria
838 2057 884 2130 ad
917 2058 1010 2130 uliud
1043 2058 1298 2148 monasterium,

275 2190 367 2286 quud
394 2195 463 2263 sut
488 2188 523 2262 in
550 2195 679 2263 monte.

356 2351 542 2426 transacta
574 2351 688 2441 itaque
722 2356 804 2421 tunc
838 2351 958 2424 decem
993 2372 1157 2423 minorum
1194 2353 1300 2425 inter·

276 2485 456 2578 capedine,
501 2484 712 2556 venerandus
750 2484 807 2556 ille
843 2486 897 2556 vir
923 2485 1138 2558 Willibuldus
1165 2507 1300 2558 suerum

275 2619 382 2693 suncti
410 2615 588 2691 Benedicti
615 2617 780 2707 regularis
796 2620 886 2691 vitre
914 2619 1170 2710 institutionem,
1200 2640 1301 2710 quam

242 2750 517 2843 smnipotentis
562 2749 627 2821 Dei
667 2751 788 2823 mirilio
834 2750 1036 2845 illorumque
1084 2751 1299 2841 adminiculo,

277 2907 362 2979 quos
388 2905 493 2975 super
524 2885 627 2974 longa
660 2883 810 2957 lucorum
843 2886 953 2958 studit
987 2893 1024 2957 et
1057 2905 1161 2976 super
1187 2893 1302 2956 vastus

277 3018 466 3109 marginum
494 3017 566 3090 vius
594 3019 628 3088 in
640 3016 884 3092 redemtionem
912 3019 1045 3091 animae
1073 3018 1169 3091 etin
1199 3038 1300 3107 opem

276 3152 469 3245 paesentis
498 3151 591 3223 sitae
604 3151 811 3243 requirebat,
842 3153 1067 3241 omnimodo,
1099 3150 1302 3242 promtiore

279 3287 407 3378 possit,
442 3285 627 3358 observare
655 3287 849 3359 conabatur.
907 3286 956 3359 Et
982 3307 1051 3358 non
1079 3285 1187 3357 sulum
1215 3284 1299 3374 ipse,

277 3418 340 3492 sed
369 3426 405 3492 et
431 3419 517 3492 ulios
544 3441 619 3492 eum
646 3419 704 3490 illo
732 3421 766 3492 in
794 3422 990 3494 veneranda
1017 3419 1184 3510 regularis
1213 3418 1301 3489 vitre

279 3552 426 3643 vestime
455 3552 650 3644 praeeundo
679 3552 900 3642 perducebat.
