3368 4650
1188 574 1192 580 “
1228 547 1293 657 ica

271 771 445 866 discipulis
470 772 507 844 in
532 771 589 844 via
614 769 678 844 snb
705 775 891 863 conquestu
917 770 1090 846 demorte
1105 770 1196 845 illius
1216 775 1295 845 ten·

270 907 431 983 dentibus
472 905 683 998 Nicopolim,
720 904 755 979 id
787 911 841 979 est
873 905 1088 998 Emmaus,
1131 905 1293 999 oppidum

269 1042 333 1117 VI.
375 1041 532 1115 milliario
573 1039 616 1113 sb
656 1039 851 1114 Jerusalem
894 1047 1016 1115 oontm
1063 1039 1295 1113 occidentem:

267 1198 373 1270 quem
401 1180 439 1250 el
464 1174 511 1246 ibi
537 1194 652 1246 secum
667 1179 845 1265 receptum
864 1175 899 1246 in
926 1175 1099 1266 hospitem
1126 1192 1296 1262 recogno·

267 1314 394 1381 verunt
432 1307 467 1378 in
507 1305 676 1377 fractione
710 1307 822 1396 panis;
859 1306 920 1378 sed
959 1306 1077 1379 statim
1116 1305 1291 1399 disparuit.

266 1436 401 1510 Deinde
428 1435 582 1508 omnibus
609 1437 770 1526 apparuit
804 1439 967 1527 apostolis
1003 1438 1133 1531 absque
1161 1439 1294 1511 Thomu

264 1571 298 1641 in
341 1573 460 1639 monte
495 1566 576 1637 Sion
612 1566 728 1655 januis
763 1568 902 1659 clausis,
943 1570 1061 1643 dicens
1089 1573 1155 1644 eis:
1211 1569 1292 1642 Pus

267 1698 374 1771 vodis
412 1694 541 1768 Octavo
570 1716 706 1786 quoque
733 1696 790 1771 die
824 1702 857 1772 in
891 1708 1007 1773 monte
1035 1701 1157 1774 eodem
1185 1722 1292 1794 appa-

266 1831 337 1902 ruit
378 1827 530 1899 Thomas
567 1848 645 1899 cum
682 1829 824 1920 reliquis
860 1832 1049 1921 discipulis,
1085 1831 1220 1921 quando
1259 1831 1292 1905 ei

266 1962 500 2034 vulnerasse
525 1959 697 2052 palpanda
723 1962 857 2035 obtulit
912 1963 988 2052 Quo
1017 1960 1112 2036 lacto
1141 1963 1291 2035 Thomas

265 2094 396 2167 intulit:
431 2088 603 2164 Dominus
630 2114 726 2165 meas
753 2098 786 2164 et
812 2090 909 2166 Deus
934 2117 1042 2176 meus,
1084 2095 1161 2167 Hae
1189 2116 1290 2168 reve-

265 2227 411 2299 htiones
437 2245 501 2317 per
527 2227 692 2318 picturam
720 2225 995 2299 demonstrantur
1011 2228 1124 2302 iactae
1151 2229 1185 2300 in
1213 2228 1288 2300 loco

263 2361 391 2432 montis
418 2357 517 2439 Sion,
544 2359 690 2448 scilicet,
728 2361 760 2430 in
795 2365 915 2451 crypta
941 2361 1084 2452 majoris
1113 2361 1286 2451 eeclesiae,
1323 2411 1327 2420 ·

263 2493 320 2565 nbi
351 2492 457 2564 etiam
485 2490 682 2582 depingitur
708 2491 870 2563 Dominus
902 2500 1020 2564 noster
1056 2493 1162 2584 pedes
1190 2494 1288 2566 disci·

263 2625 421 2716 pulorum
455 2642 591 2695 suorum
626 2624 763 2712 lavisse,
800 2645 873 2695 cnm
899 2624 1080 2696 manifesta
1108 2627 1287 2717 utriusque

263 2757 349 2828 lacti
377 2755 618 2848 descriptione.
676 2756 759 2828 Post
791 2757 1076 2828 resurrectionem
1104 2757 1206 2829 etiam
1233 2777 1287 2828 se-

262 2909 322 2962 cus
349 2909 445 2961 mare
473 2887 665 2961 Tiberiadis
693 2896 729 2960 ct
756 2889 900 2961 inmari
928 2894 984 2960 ter
1016 2889 1190 2982 discipulis
1216 2890 1286 2962 suis

261 3020 366 3095 Jesns
392 3044 429 3096 se
456 3019 698 3110 manifestavit,
728 3026 763 3092 et
789 3029 926 3116 praeter
958 3021 1047 3094 haec
1081 3021 1163 3093 alibi
1199 3022 1285 3093 mnl-

131 3160 132 3163 ’
262 3154 365 3226 toties
398 3153 442 3225 nd
476 3153 787 3246 comprobationem
821 3175 902 3226 suae
929 3154 1187 3227 resurrectionis
1209 3155 1284 3245 jam

262 3286 377 3359 hetae
405 3293 441 3359 et
467 3292 605 3359 nostrae
633 3287 889 3358 resurrectionis
915 3286 1030 3360 adhuc
1059 3286 1209 3360 futurae.

262 3490 306 3555 lt
346 3490 581 3558 lonnnontum
609 3490 652 3558 ad
680 3492 880 3577 sepulchrum
901 3493 1039 3569 Donlm,
1064 3493 1172 3560 ultano
1193 3492 1235 3560 ad
1256 3511 1283 3559 s.

352 3580 568 3663 sepulchrum,
598 3583 849 3664 epigrammata,
877 3581 1011 3648 soolsslo
1034 3598 1137 3659 nova,
1167 3582 1283 3649 chorus

353 3667 562 3746 dominorum,
585 3669 692 3736 altars
714 3673 971 3748 resurrectionis,
995 3673 1166 3754 processio.

315 3814 506 3910 Dispositio
546 3819 772 3910 monumenti,
814 3819 848 3889 in
888 3837 955 3908 quo
990 3819 1186 3890 continetur
1218 3836 1279 3889 se·

1071 3936 1137 4004 10·
