3368 4650
1285 575 1353 644 265

327 755 529 850 irrigantur.
585 759 724 835 Distant
750 760 841 836 enim
866 761 902 834 hi
928 760 1043 837 fontes
1069 783 1090 835 a
1112 761 1210 854 mari,
1249 779 1353 855 quan·

326 899 400 968 tum
433 916 536 968 arcus
569 897 726 988 sagittam
766 897 918 992 projicit.
986 899 1042 973 Ab
1076 899 1131 973 his
1172 895 1217 971 ad
1251 916 1353 970 uuam

325 1027 460 1104 leucam
488 1037 543 1104 est
568 1031 721 1107 civitas
753 1033 956 1126 tyrensia,
993 1034 1037 1108 ab
1064 1033 1190 1106 Ankon
1227 1037 1348 1105 eontm

329 1165 523 1257 aquilonem
549 1165 630 1237 sita:
657 1163 701 1237 de
730 1167 806 1260 ejus
832 1167 1015 1261 praeconio
1042 1167 1180 1258 qnidam
1208 1165 1354 1258 prophe·

327 1303 440 1371 tarum
479 1296 697 1390 scripserunt
768 1301 847 1394 lpsa
884 1302 974 1375 enim
1013 1322 1138 1392 magno
1180 1318 1352 1372 murorum

327 1431 460 1506 ambitu
494 1432 644 1523 assurgit
675 1454 696 1506 a
731 1434 852 1508 littore
879 1437 998 1526 maris,
1034 1436 1122 1508 mari
1150 1431 1354 1509 circumdata

329 1564 492 1659 undique,
520 1566 584 1640 nisi
610 1566 645 1638 in
672 1572 770 1657 parte
799 1569 966 1660 orientali,
995 1569 1052 1642 nbi
1075 1588 1151 1640 eam
1174 1566 1355 1641 Nabucho-

328 1698 477 1781 donosor
510 1704 547 1772 et
579 1705 700 1792 postea
730 1701 930 1775 Alexander
964 1700 1122 1776 ieoeruut
1162 1703 1354 1792 contiguam

329 1837 445 1907 terrae
473 1830 549 1906 lere
584 1832 629 1905 ad
658 1834 788 1927 jactum
823 1822 961 1925 lapidis.
1016 1834 1137 1926 Ibique
1167 1834 1278 1907 cincta
1304 1838 1356 1906 est

327 1986 426 2038 muro
453 1965 578 2056 triplici
612 1971 648 2038 et
680 1966 753 2038 alto
787 1987 866 2040 cum
894 1968 1046 2041 turribus
1072 1967 1189 2040 firma.
1243 1964 1283 2037 Iu
1311 1984 1353 2037 ea

328 2094 491 2190 Origines
517 2098 704 2171 tumulatus
731 2097 808 2172 luit
865 2099 1002 2173 Multae
1024 2101 1190 2192 reliquiae
1217 2103 1353 2172 saneto-

328 2254 419 2321 rum,
446 2232 503 2326 qui
530 2232 565 2304 in
593 2253 635 2305 ea
660 2255 723 2326 pro
746 2230 874 2306 Christi
901 2234 1035 2306 nomine
1063 2234 1239 2307 interemti
1264 2238 1351 2322 snut,

327 2369 602 2459 permanserunt.
664 2365 758 2438 Ante
800 2372 935 2457 portam
966 2386 1086 2439 versus
1119 2372 1272 2439 austrum
1309 2364 1353 2438 ad

322 2500 460 2592 jactum
480 2498 623 2574 duarum
642 2500 850 2587 sagittarum
877 2498 1029 2588 signatus
1056 2503 1112 2571 est
1133 2498 1228 2573 locus
1254 2519 1352 2589 prae·

328 2630 507 2704 dicationis
521 2629 648 2703 Christi
671 2651 734 2722 per
752 2630 913 2721 lapidem,
942 2633 977 2703 in
1005 2651 1073 2724 quo
1101 2635 1220 2704 stetit:
1251 2652 1353 2724 super

330 2784 432 2855 quem
467 2762 609 2836 laudata
642 2767 717 2834 erat
744 2763 896 2836 ecelesia
926 2764 960 2835 iu
996 2763 1126 2837 honore
1158 2765 1348 2838 sdratoris.

327 2894 393 2970 Fst
419 2897 526 2971 etiam
554 2894 599 2968 ibi
626 2895 736 2985 locrus,
777 2894 834 2968 ubi
868 2896 1007 2987 mulier,
1042 2895 1140 2969 finita
1174 2897 1350 2989 praediea·

329 3029 440 3120 tione,
476 3028 564 3101 dixit
598 3027 641 3100 ad
673 3027 811 3101 Jesnm:
847 3026 983 3102 Beatus
1009 3033 1128 3102 vemt
1160 3037 1225 3103 eto
1286 3029 1352 3103 Hie

328 3161 423 3235 locus
451 3183 518 3233 non
548 3162 702 3252 operitur
727 3182 849 3254 arena,
887 3183 975 3254 quae
1010 3164 1090 3236 licet
1123 3165 1169 3235 sit
1195 3163 1282 3237 levis
1314 3168 1350 3237 et

328 3294 490 3384 volatilis,
535 3297 624 3368 sieut
656 3296 715 3368 nis
748 3297 783 3367 in
817 3297 949 3370 intenso
983 3295 1113 3387 frigore
1152 3296 1244 3387 apud
1278 3317 1348 3386 uos,

328 3450 415 3521 quae
439 3451 460 3502 a
480 3436 583 3503 vento
610 3429 744 3520 rapitur
770 3436 806 3504 et
829 3431 1009 3522 spargitur,
1040 3430 1103 3503 iste
1123 3436 1237 3502 tamen
1255 3430 1350 3503 locus

327 3564 363 3635 iu
389 3561 506 3635 medio
534 3582 713 3635 arenarum
740 3584 878 3657 semper
910 3571 964 3637 est
992 3564 1118 3637 viridis.
1178 3563 1232 3636 De
1259 3563 1349 3656 Tyro

327 3695 373 3768 ad
404 3701 554 3787 quatuor
586 3697 702 3770 leucas
729 3704 784 3772 est
815 3696 997 3790 Sarepta
1029 3697 1233 3788 Sidonae,
1268 3702 1349 3772 aute

329 3830 426 3924 eujus
450 3834 586 3924 portam
614 3831 805 3906 ostenditur
830 3833 937 3924 loeus,
966 3853 1034 3926 quo
1056 3832 1155 3907 Elias
1182 3830 1279 3904 veuit
1304 3830 1348 3905 ad
