3368 4650
342 498 409 564 uu
525 447 538 456 -

341 679 463 751 beatus
480 671 666 747 Jacobus
684 669 820 760 major
846 671 900 741 est
917 662 1179 756 decollatus,
1203 665 1362 738 etdistat

340 808 483 895 aloco,
524 802 583 875 ubi
620 800 732 873 frater
769 798 845 891 ejus
883 796 1058 870 Johannes
1101 796 1239 869 masam
1271 795 1362 870 cele-

339 936 470 1027 brarit,
514 955 579 1027 per
615 933 783 1005 ducentos
831 930 879 999 22
921 947 1054 1020 passus.
1124 928 1214 1002 Item
1252 949 1360 1022 prope

339 1069 516 1145 castellnm
543 1064 754 1160 praedictum
787 1060 833 1132 ad
854 1060 986 1154 jactum
1020 1061 1141 1155 lapidis
1175 1067 1229 1135 est
1253 1061 1357 1156 locrus,

341 1203 413 1276 ubi
454 1197 710 1291 Magdalena
755 1195 955 1268 occurrit
1004 1195 1156 1269 beatae
1201 1196 1359 1288 virgini
1405 1263 1411 1280 ,

338 1332 576 1421 nunciansei,
611 1328 702 1420 quod
736 1324 827 1400 filius
860 1327 935 1420 ejus
968 1328 1101 1401 vireret
1132 1334 1169 1402 et
1201 1336 1358 1407 aruorte

336 1447 591 1539 resurrexisset.
637 1459 768 1534 Ibidem
797 1461 900 1534 etiam
928 1458 1132 1535 Christus
1158 1466 1359 1556 apparuit

337 1598 476 1673 tribus
504 1594 671 1686 Mariis,
696 1592 835 1666 dicens:
862 1590 981 1668 Aucto.
1020 1594 1060 1667 ln
1075 1595 1190 1689 platea
1206 1598 1357 1692 episcopi

336 1728 630 1822 hierosolymitani
677 1715 733 1801 est
777 1726 918 1800 donnus
966 1728 1059 1801 beati
1105 1728 1355 1822 Zachariae,

336 1884 438 1957 quam
475 1863 601 1935 habent
632 1860 827 1951 georgitae,
866 1862 962 1934 etin
990 1882 1033 1933 ea
1064 1867 1163 1953 pata
1189 1860 1355 1955 capella

336 1996 369 2068 ln
399 1995 529 2066 honore
564 1995 706 2066 sancti
733 1993 944 2067 Johannis
971 1993 1208 2086 Baptistae.
1263 1993 1354 2067 Ante

333 2126 527 2217 lurgressum
568 2124 687 2198 donnus
730 2134 786 2199 est
825 2127 1058 2219 antiquissima
1099 2131 1275 2200 structura
1316 2131 1354 2198 et

334 2259 495 2331 umbrosa
522 2257 668 2349 testudo,
697 2263 735 2329 et
762 2258 880 2330 estin
906 2259 1018 2331 medio
1047 2262 1124 2332 viae
1151 2261 1240 2332 inter
1264 2262 1350 2328 tenn-

333 2388 425 2483 pluur
454 2389 561 2460 sancti
588 2389 758 2482 sepulchri
786 2394 824 2463 et
851 2389 1026 2462 castellum
1053 2390 1175 2465 David.
1217 2387 1348 2462 Deinde

332 2519 463 2611 donnus,
485 2520 602 2613 inqua
628 2522 842 2613 hospitati
869 2529 949 2594 sunt
970 2528 1061 2595 tres
1088 2541 1222 2612 reges.
1256 2519 1347 2593 Nota

333 2650 376 2725 uo
403 2658 517 2745 porta
544 2674 723 2745 perquam
742 2654 859 2727 Maria
884 2657 1084 2747 aegyptiaca
1109 2655 1260 2747 peccatis
1286 2673 1345 2744 op-

333 2805 453 2877 pressa
479 2786 611 2875 ingredi
638 2807 706 2858 non
731 2788 862 2878 potuit:
891 2808 980 2879 quae
1007 2786 1142 2861 videtur
1162 2788 1196 2858 in
1223 2787 1348 2877 platea,

334 2936 421 3009 «runo
450 2917 546 2991 ducit
574 2918 618 2991 ad
644 2918 820 2992 Emmaus.
878 2919 1038 3012 Sequitur

331 3138 557 3227 umrunauc
579 3158 601 3210 a
622 3143 958 3318 mfflmlm
984 3161 1098 3212 varrus
1127 3144 1279 3214 orientem
1305 3145 1346 3214 ad

817 3251 933 3318 anian

410 3442 499 3519 Visis
532 3446 646 3540 itaque
679 3450 895 3542 propinquis,
937 3451 1183 3524 transeundum
1217 3459 1269 3526 est
1300 3453 1344 3525 ad

327 3579 526 3670 rorruotioru,
560 3589 598 3654 ut
629 3588 765 3656 nostrae
801 3583 995 3659 devotionis
1027 3590 1161 3660 crescat
1193 3586 1341 3659 adactus.

328 3710 443 3785 l'uiuuo
472 3712 560 3786 cuinn
588 3717 754 3789 uandtn
780 3716 1097 3811 adBethaniam,
1127 3740 1214 3811 quae
1240 3719 1344 3793 distat
