3368 4650
750 1513 947 1590 VIII.

367 1691 541 1776 ictuata
551 1689 723 1837 potero
748 1686 950 1792 toeortptio
977 1688 1118 1773 Terrae
1147 1690 1324 1782 sacoma

572 1897 618 1963 De
638 1896 744 1979 porta
765 1898 916 1968 uirtutis
936 1897 1126 1967 Jerusalem

416 2059 577 2150 Sequitur
604 2056 649 2128 de
675 2061 801 2148 portis,
837 2082 926 2153 quae
955 2065 1053 2132 eraut
1084 2061 1120 2132 iu
1147 2081 1245 2132 muro
1274 2060 1356 2133 civi·

334 2195 414 2267 tatis
440 2190 648 2281 Jerusalem,
685 2213 769 2283 quas
800 2195 925 2267 recolit
954 2199 1072 2267 textus
1104 2215 1220 2268 merae
1247 2195 1355 2285 scrip-

333 2333 441 2398 turae.
481 2322 597 2395 Prima
625 2325 713 2397 enim
742 2327 930 2400 vocabatur
962 2334 1087 2418 porta
1123 2327 1279 2418 David,
1319 2335 1354 2399 ot

333 2462 387 2530 est
419 2458 576 2548 superior
607 2465 707 2549 porta
740 2461 889 2533 civitatis
923 2463 960 2533 iu
993 2461 1118 2551 angulo
1154 2459 1353 2546 occidentis3

331 2590 397 2662 fuit
424 2594 537 2661 autem
564 2591 612 2663 sic
641 2592 732 2665 dicta
758 2614 820 2684 pro
847 2614 900 2682 ao,
930 2593 1021 2685 quod
1050 2593 1188 2665 turris
1215 2587 1353 2663 David

331 2722 441 2794 eidem
469 2722 678 2796 imminebat.
731 2724 830 2798 Dicta
858 2726 964 2798 etiam
990 2725 1054 2797 suit
1079 2731 1183 2817 porta
1207 2724 1350 2815 piscium

330 2874 391 2944 eo,
431 2855 523 2944 quod
551 2877 613 2946 per
641 2878 715 2930 eam
741 2858 805 2930 suit
834 2860 889 2930 via
915 2855 961 2929 de
988 2855 1102 2948 Joppe
1137 2864 1173 2928 ot
1198 2856 1350 2946 Diospoli

328 2995 365 3060 et
390 2987 579 3060 maritimis.
636 2988 750 3061 Etiam
783 3011 846 3082 per
874 3011 951 3062 eam
979 2989 1162 3062 veniabant
1195 2988 1351 3076 negotia-

326 3127 424 3194 tores
458 3120 501 3192 de
535 3121 719 3214 Aethiopia
757 3129 793 3194 et
823 3121 986 3214 Aegypto
1024 3140 1157 3193 merces
1196 3118 1349 3192 divorsas

263 3328 269 3339 ,
326 3254 543 3326 miscentes.
582 3254 679 3327 Haec
699 3255 786 3328 enim
807 3261 912 3347 porta
939 3253 1004 3327 iuit
1022 3257 1056 3326 iu
1077 3254 1215 3344 antiquo
1235 3273 1345 3343 muro,

327 3394 364 3461 et
390 3380 607 3481 ooujuuffltur
634 3388 665 3459 ei
692 3388 801 3460 adhuc
830 3388 933 3460 hodio
961 3409 1077 3460 murus
1108 3387 1214 3476 partis
1246 3384 1345 3474 iilius,

328 3542 415 3614 quae
448 3521 512 3592 suit
538 3521 694 3613 apposita
722 3530 865 3613 propter
890 3519 1106 3613 sepulchrum
1134 3516 1270 3589 Domini
1297 3517 1347 3588 iu·

325 3653 540 3733 eludendum,
591 3654 643 3727 De
671 3655 737 3726 ista
762 3661 868 3745 porta
894 3652 1104 3746 procedebat
1132 3651 1187 3724 via
1215 3652 1249 3722 iu
1277 3656 1348 3720 tres

325 3795 443 3880 partes
477 3787 601 3860 divisa:
630 3809 699 3861 uua
730 3808 833 3880 super
866 3807 987 3879 agrum
1014 3785 1169 3874 fullonis,
1205 3789 1242 3857 et
1268 3801 1346 3872 uua,

1136 3906 1178 3972 15
