3368 4650
322 498 380 567 ‘30
417 534 422 543 ·

334 682 427 754 nicae
456 681 492 751 et
517 677 672 767 aliorum,
702 676 862 769 quicum
891 697 932 750 eo
948 672 1231 750 vcrucilixierant.
1271 675 1355 750 lllae

335 833 404 885 nou
432 816 511 882 sunt
538 828 627 879 nunc
654 809 688 878 in
717 810 868 898 ecclesia,
897 810 958 881 sed
982 807 1170 881 lorisstaut
1184 809 1247 880 sub
1261 812 1357 882 tecto

335 949 434 1016 extra
461 940 650 1014 ecclesiam.
681 938 729 1010 Et
756 939 802 1011 ibi
814 961 913 1011 secus
927 947 978 1013 est
993 941 1051 1010 ille
1074 937 1203 1029 hortus,
1231 939 1267 1011 in
1287 962 1356 1032 quo

334 1081 410 1150 erat
437 1071 707 1165 sepulchrum
735 1071 982 1145 salvatoris.
1027 1070 1116 1143 illud
1142 1072 1355 1163 sepulchrum

333 1209 447 1280 luerat
475 1207 509 1276 in
537 1211 635 1297 petra
663 1206 824 1297 cremum,
861 1210 897 1276 et
933 1205 992 1276 illa
1023 1210 1123 1297 petra
1154 1211 1225 1277 stat
1251 1229 1357 1299 super

333 1349 469 1434 terram,
499 1345 535 1409 et
564 1344 618 1410 est
646 1339 818 1430 quadrans
844 1338 880 1410 in
907 1338 974 1411 imo
1001 1344 1037 1411 et
1063 1337 1246 1411 insummn
1275 1342 1356 1412 sub-

333 1475 413 1545 tilis.
470 1472 518 1544 Et
544 1478 614 1544 stat
640 1493 729 1545 nnnc
761 1473 795 1542 in
832 1472 1027 1546 summitate
1062 1471 1150 1544 illius
1182 1473 1353 1566 sepulchri

332 1629 429 1697 crux,
470 1614 506 1679 et
545 1606 593 1678 ihi
628 1627 730 1698 supra
757 1626 845 1678 nunc
884 1604 1066 1678 aedificata
1103 1611 1157 1677 est
1188 1607 1369 1680 mirabilis·

332 1742 463 1831 dumus,
493 1747 528 1813 et
555 1741 590 1811 in
619 1740 775 1812 orientali
801 1739 906 1833 plaga
932 1740 967 1810 in
983 1738 1042 1811 illa
1060 1744 1159 1829 petra
1183 1739 1353 1832 sepulchri

332 1881 386 1947 est
413 1873 537 1945 ostium
565 1871 710 1964 lactum,
747 1894 810 1965 per
849 1871 939 1963 quod
972 1872 1101 1944 intrant
1135 1872 1291 1948 homines
1318 1877 1353 1947 in

331 2007 544 2098 sepulchrum
582 2025 692 2079 orare.
749 2005 798 2077 Et
834 2005 880 2078 ihi
908 2012 959 2078 est
996 2006 1088 2078 intus
1127 2005 1253 2096 lectus,
1295 2009 1353 2080 uhi

256 2133 259 2139 ’
333 2161 456 2230 corpus
495 2138 631 2210 Domini
667 2139 817 2231 jacebat.
868 2137 928 2223 ¹Et
964 2138 1011 2210 ibi
1048 2143 1143 2210 stant
1182 2140 1217 2209 in
1262 2140 1351 2212 lecto

309 2270 522 2361 'quindecim
555 2275 709 2342 craterae
746 2291 872 2343 aureae
900 2292 975 2342 cnm
1002 2272 1079 2343 oleo
1106 2271 1269 2343 ardentes
1296 2274 1352 2345 die

330 2407 510 2492 noctuque.
569 2400 629 2471 llle
657 2402 774 2492 lectus,
803 2403 837 2473 in
866 2425 933 2493 quo
962 2425 1085 2496 corpus
1101 2404 1247 2508 Domini
1255 2406 1352 2495 jace·

328 2534 397 2624 bat,
427 2540 497 2604 slat
524 2533 558 2604 in
587 2533 696 2606 latere
717 2537 884 2626 aquilonis
899 2538 989 2608 intus
1003 2538 1037 2608 in
1056 2542 1155 2628 petra
1171 2538 1349 2632 sepulchri,

328 2676 364 2740 et
390 2667 519 2738 homini
550 2671 603 2738 est
636 2667 669 2738 in
704 2668 823 2741 dextra
860 2689 975 2758 mann,
1012 2669 1147 2759 quando
1180 2670 1287 2741 intrat
1315 2673 1349 2741 in

328 2800 545 2891 sepulchrum
573 2820 683 2873 orare.
741 2800 788 2872 Et
823 2801 870 2872 ibi
903 2807 982 2871 ante
1010 2802 1152 2892 januam
1180 2800 1348 2890 sepulchri

324 2935 420 3026 jacet
436 2932 493 3003 ille
505 2931 748 3023 lapismagnus
762 2934 931 3024 quadrans
944 2935 977 3004 in
993 2932 1211 3005 similitudine
1223 2933 1348 3023 prioris

331 3066 461 3158 lapidis
489 3076 591 3153 quem
610 3067 751 3154 angelus
770 3065 918 3138 revolvit
937 3066 981 3137 ab
1008 3065 1099 3138 ostio
1125 3066 1347 3137 monumenti.

327 3355 410 3424 XIX.
446 3353 653 3424 willibaldus
677 3357 840 3437 aegrotus,
870 3352 1001 3421 ecclesia
1032 3354 1147 3420 sauata
1168 3351 1253 3431 Sion,
1274 3369 1346 3437 por·

509 3463 595 3529 ticus
618 3458 810 3541 Salomonls,
833 3459 958 3542 piscina
979 3457 1160 3542 probatica.

407 3602 456 3673 Et
483 3600 563 3673 illuc
590 3598 750 3670 veniebat
783 3598 816 3667 in
853 3597 1038 3669 festivitate
1070 3598 1175 3669 sancti
1202 3597 1345 3670 Martini

258 3815 273 3825 ,
327 3737 502 3829 episcopus
535 3737 661 3805 noster.
718 3730 767 3801 Et
799 3732 866 3802 cito
901 3738 939 3801 ut
970 3730 1050 3802 illuc
1084 3729 1196 3819 venit,
1231 3732 1346 3824 coepit
