3368 4650
350 707 428 779 erat
455 697 654 788 templum
693 697 835 767 sancti
874 693 1052 783 Georgii
1089 688 1218 763 ibidem
1258 687 1371 762 occisi.

350 837 485 924 Arsur
511 829 547 900 in
566 829 682 899 littore
703 827 816 917 maris,
846 827 928 898 olim
955 822 1244 917 Antipatrida
1269 822 1370 913 dicta,

349 965 414 1038 linit
454 962 597 1034 fratrum
633 959 809 1052 hospitalis
852 959 943 1032 beati
984 958 1149 1032 iohannis
1188 957 1372 1031 Eleemon.

351 1095 513 1189 Joppes
552 1094 673 1167 civitas
713 1113 780 1164 nnn
817 1091 926 1164 habet
961 1098 1107 1185 portum.
1173 1093 1214 1165 In
1240 1112 1284 1166 ea
1310 1088 1374 1163 luit

350 1229 508 1320 lanitia,
544 1226 776 1320 apostulorum
811 1223 950 1298 lamala.
1012 1225 1064 1301 lbi
1089 1227 1199 1300 Jonas
1230 1224 1373 1298 intravit

349 1381 473 1434 navem
501 1360 623 1449 lugere
650 1359 768 1431 valens
791 1358 828 1431 in
855 1358 1008 1433 Tarsum.
1072 1361 1112 1432 ln
1140 1361 1205 1434 hac
1232 1360 1371 1433 civitate

349 1516 418 1568 nnn
445 1494 517 1566 vidi
536 1512 737 1586 quemquam
756 1491 938 1585 homiuem,
958 1495 1039 1585 quia
1064 1496 1190 1568 multae
1219 1496 1374 1569 civitates

352 1628 444 1701 circa
479 1627 575 1699 littus
608 1627 707 1700 maris
745 1648 810 1718 per
842 1627 1018 1700 soldanum
1053 1629 1247 1702 destructae
1282 1633 1372 1715 snut,

350 1783 426 1835 cum
459 1760 653 1853 audiverat,
692 1758 906 1852 praedictam
939 1734 1111 1836 civitatem
1144 1762 1266 1836 Aclrcn
1299 1780 1373 1833 esse

350 1901 487 1988 captam
520 1915 584 1986 per
615 1914 714 1983 reges
741 1893 907 1968 Franciae
941 1904 991 1970 et.
1010 1896 1168 1987 Angliae.
1226 1893 1371 1981 Sidon,

351 2028 433 2101 urbs
459 2026 655 2117 Phoenicis3
690 2027 765 2120 ejus
798 2029 1068 2116 magnitudinem
1107 2030 1218 2102 adhuc
1253 2026 1373 2098 ruinae

354 2161 429 2252 ejus
457 2165 674 2232 attestantur.
729 2159 812 2230 Fuit
838 2161 874 2230 in
902 2182 1021 2252 campo
1052 2163 1279 2254 perlongum
1306 2155 1372 2228 dis·

355 2294 475 2384 posita,
497 2279 649 2364 'tendens
674 2292 716 2364 ab
743 2292 902 2381 aquilone
928 2295 963 2364 in
991 2301 1141 2368 ausuum
1168 2296 1229 2368 sub
1256 2295 1371 2363 monte

354 2426 564 2498 Antilibano.
619 2425 673 2496 De
699 2425 805 2498 minis
831 2431 947 2498 autem
975 2427 1049 2518 ejus
1083 2428 1150 2499 alia
1178 2433 1230 2499 est
1255 2420 1371 2496 aedifi-

355 2563 448 2649 cata,
488 2579 594 2650 parva
621 2557 772 2649 quidem,
808 2556 870 2630 sed
896 2559 1042 2649 munita,
1084 2562 1112 2632 si
1141 2560 1284 2631 haberet
1311 2554 1369 2627 dc·

333 2691 517 2764 -lensores
573 2689 623 2763 Et
655 2697 708 2763 est
740 2712 781 2764 ex
813 2697 914 2780 parte
947 2714 1016 2764 una
1048 2693 1082 2763 in
1118 2694 1235 2763 littore
1268 2690 1369 2760 maris

330 2824 427 2913 sita,
475 2823 604 2896 habens
643 2824 800 2898 hincinde
841 2823 908 2897 duo
949 2832 1061 2927 castra
1098 2826 1185 2896 bene
1227 2820 1366 2911 mnnita

350 2978 453 3029 unum
479 2959 524 3029 ab
551 2957 706 3047 aquilone
721 2960 755 3030 in
780 2978 868 3047 rupe
888 2958 1029 3048 marina,
1049 2957 1141 3049 quod
1160 2957 1240 3027 olim
1268 2974 1368 3045 pere-

347 3088 437 3178 grini
472 3087 516 3161 de
543 3088 713 3160 Teutonia
744 3088 1026 3180 aedificaverunt,
1062 3090 1154 3163 aliud
1192 3112 1234 3162 ex
1266 3093 1366 3181 parte

346 3220 490 3291 australi
529 3220 564 3290 in
596 3221 682 3293 colle
720 3220 830 3293 situm.
896 3221 993 3293 Haec
1033 3221 1101 3293 duc
1142 3231 1250 3297 castra
1289 3243 1363 3295 cnm

347 3350 487 3424 civitate
515 3353 638 3425 milites
665 3353 784 3442 templi
812 3345 893 3426 olim
919 3355 1092 3427 tenebant.
1139 3355 1188 3429 Et
1214 3363 1293 3428 sunt
1319 3356 1364 3428 ibi
1418 3331 1432 3360 ⁸

324 3503 473 3557 -cannae
501 3484 611 3556 mellis
639 3491 673 3557 et
699 3486 819 3557 vineae
847 3493 884 3561 et
911 3488 1009 3560 valde
1037 3489 1158 3562 bonae.
1210 3489 1363 3562 Indead

348 3614 431 3686 duas
463 3615 578 3688 leucas
612 3624 663 3692 est
687 3616 885 3711 Sarepta,
926 3640 1055 3711 paucas
1084 3621 1200 3695 domos
1225 3622 1361 3712 habens,

323 3766 424 3819 cum
450 3751 565 3819 tamen
591 3752 709 3822 ruinae
736 3750 810 3840 ejus
837 3753 1027 3843 ostendant,
1057 3775 1132 3827 eam
1159 3755 1260 3856 fnisse
1287 3755 1362 3845 glo-

1014 4392 1206 4572 sq
