3368 4650
337 508 404 579 loo

337 689 424 783 lpsis
449 708 517 759 non
551 683 763 774 amantius,
804 703 870 756 neo
902 681 1058 758 animum
1079 680 1203 753 ibidem
1239 701 1351 756 mms-

337 819 439 893 nondi
465 816 679 904 habentibus,
709 816 820 886 tneito
847 834 967 886 eorum
980 811 1126 901 nomine,
1153 813 1234 885 solis
1260 811 1354 886 iran-

338 953 388 1025 cis
414 949 567 1025 liberatio
594 953 733 1021 sauctae
760 945 853 1018 urbis
865 943 1077 1035 adscribitur,
1106 944 1223 1036 quiet
1248 945 1368 1022 nodio.

337 1104 414 1159 cum
451 1082 525 1155 aliis
560 1078 824 1173 praenominatis
855 1075 1014 1166 gentibus
1051 1077 1125 1151 urbi
1163 1076 1349 1173 praefatae,

336 1214 507 1311 adjacenti
548 1211 749 1305 provinciae
797 1210 1024 1283 dominantur.
1093 1210 1188 1302 Quae
1229 1211 1349 1307 utique

335 1344 794 1436 christianitatisproviueia
815 1344 888 1437 Jam
921 1342 1049 1416 dudum
1082 1366 1160 1418 suos
1186 1341 1351 1420 terminos

334 1479 424 1553 ultra
450 1476 562 1552 Nilum
594 1498 714 1550 versus
747 1477 925 1551 meridiem
959 1484 996 1550 et
1026 1478 1119 1551 ultra
1149 1477 1351 1552 Damascum

334 1632 453 1689 versus
484 1610 752 1705 septentrionem
793 1611 1016 1702 extendisset,
1057 1612 1086 1684 si
1118 1615 1214 1684 tauta
1251 1612 1353 1706 oopia

335 1746 580 1836 alemanorum,
619 1748 749 1837 quanta
783 1751 835 1816 est
865 1745 1025 1837 istorum,
1061 1744 1229 1818 edomet¹
1269 1741 1349 1835 Sed,

334 1878 387 1953 lia
412 1877 723 1971 impraesentiarum
750 1877 897 1967 omissis,
935 1876 979 1949 ad
1005 1877 1211 1968 propon'tam
1237 1881 1349 1950 mate·

332 2011 417 2085 riaru
443 2015 667 2085 novenamur.

334 2265 384 2333 ll.
420 2262 561 2333 Mula
601 2265 799 2332 mundonis
831 2265 866 2330 in
900 2266 1008 2330 morto
1044 2264 1183 2346 oliveti,
1219 2264 1348 2331 emisslo

418 2367 555 2455 spiritua
575 2370 684 2436 sanotl
705 2368 742 2435 in
764 2371 870 2436 monto
883 2370 972 2451 slon,
992 2370 1163 2455 ontgratio
1175 2388 1201 2437 s.
1213 2370 1347 2437 lutae

409 2528 450 2605 lu
479 2536 620 2606 monte
654 2529 833 2623 Oliveti,
868 2532 903 2604 in
938 2554 980 2606 eo
1013 2534 1108 2624 loeo,
1148 2533 1207 2606 ubi
1239 2532 1344 2607 hodie

330 2668 442 2739 uetat
472 2684 597 2757 magna
631 2665 899 2756 ecclesia,·in
933 2665 1028 2757 eujm
1059 2665 1191 2755 medio,
1219 2684 1345 2753 magno

330 2794 492 2873 tuamne
511 2795 660 2887 quodam
675 2805 805 2887 aperto,
836 2796 1034 2886 designatur
1059 2797 1178 2868 loeus
1204 2814 1345 2867 ascen-

329 2927 461 3003 sionis
487 2927 684 3018 domiuioae,
713 2948 735 2998 a
761 2949 828 3020 quo
855 2928 943 3018 loeo,
974 2929 1141 3020 discipulis
1156 2927 1226 3000 suis
1252 2925 1344 3000 aliis·

329 3080 396 3155 que
422 3058 503 3133 viris
535 3059 689 3149 galilaeis
722 3079 894 3131 unacum
925 3065 1035 3132 matre
1061 3079 1122 3132 sua
1147 3058 1345 3132 admiranti·

329 3192 402 3278 bus,
429 3189 463 3265 in
491 3191 624 3265 eoelum
651 3189 741 3262 nube
768 3190 884 3283 bajula
898 3197 950 3263 est
970 3191 1131 3282 elevatus,
1158 3191 1343 3283 praemisso

328 3320 370 3399 td
404 3320 583 3413 dlselpulos
608 3321 784 3414 mandato,
815 3343 865 3396 ne
892 3324 937 3395 ab
964 3323 1209 3416 Hierosolymis
1235 3325 1344 3400 disoe-
1415 3296 1419 3304 ⁸

328 3452 466 3541 tornat,
510 3454 707 3545 priusquam
752 3455 906 3548 spiritum
944 3457 1144 3547 paraclitum
1183 3479 1206 3531 a
1242 3465 1342 3551 patre

329 3586 526 3685 wadalmarus
553 3585 595 3661 sd
624 3586 812 3679 plenariam
844 3588 897 3660 sui
930 3589 1220 3665 confortationem
1252 3590 1341 3664 aoei-

327 3724 458 3821 paona
516 3716 615 3813 Quod
648 3722 686 3789 et
717 3718 844 3794 lactum
878 3725 932 3796 est
956 3724 1095 3799 decimo
1126 3725 1182 3796 die
1215 3722 1258 3796 ab
1285 3744 1340 3797 as
