3368 4650
324 745 430 821 ahhaa
454 745 500 820 ad
533 743 790 834 monaahum,
826 746 863 816 et
895 742 953 818 ille
976 742 1155 840 jaanaaiua
1182 742 1346 820 eeclesiae

324 881 447 976 aliique
474 882 633 958 monaehi
660 879 769 972 multi,
802 878 859 972 qui
886 877 933 953 ibi
959 884 1039 956 sunt
1065 881 1101 955 in
1127 881 1201 975 ipso
1228 899 1348 956 mona·

324 1019 441 1110 sterio,
468 1028 506 1092 at
531 1019 656 1091 sedent
683 1016 771 1090 eirca
799 1014 921 1090 vallem
949 1015 983 1088 in
998 1038 1086 1090 oneo
1101 1016 1196 1109 rupis
1209 1017 1346 1090 montis.

327 1149 374 1222 Et
400 1149 530 1224 habent
556 1151 604 1223 iili
632 1150 746 1224 exeiaa
772 1151 806 1223 in
833 1171 952 1224 saxosa
984 1171 1071 1241 rupe
1098 1151 1222 1225 montis
1239 1171 1350 1244 pam

325 1282 542 1373 receptacula
584 1283 643 1356 uhi
679 1289 716 1355 et
749 1283 818 1355 uhi.
875 1282 936 1357 ilie
969 1303 1065 1357 mona
1105 1291 1160 1358 eet
1194 1286 1229 1357 in
1262 1304 1349 1378 gyro

324 1415 413 1484 cirea
441 1413 575 1487 vallem.
607 1412 655 1485 lit
681 1418 987 1489 monasterium
1002 1415 1284 1492 estaedifleatum
1313 1421 1347 1491 in

326 1546 424 1634 valle,
456 1551 493 1616 et
520 1546 566 1617 ihi
594 1547 782 1636 requiescit
807 1557 981 1623 sanctus
1008 1550 1128 1623 Saba

325 1965 438 2034 ΠΝ.
472 1962 660 2042 aminaea,
684 1965 741 2032 ahi
764 1963 934 2048 Phlllppaa
950 1965 1125 2034 eunuchum
1150 1969 1347 2051 baptizavit,

457 2069 556 2148 (im,
578 2088 605 2136 a
631 2071 796 2148 [etthim.
820 2089 847 2138 a.
872 2071 1060 2153 zachariae,
1085 2072 1222 2141 achron.

407 2342 490 2414 Inde
533 2347 704 2414 venerunt
746 2340 789 2412 ad
839 2342 968 2433 locum,
1015 2343 1083 2416 ubi
1125 2342 1349 2435 Philippus

328 2475 571 2565 baptizavit
614 2474 853 2548 eunuchum.
924 2475 974 2547 Et
1014 2478 1060 2548 ibi
1104 2485 1159 2551 est
1204 2478 1350 2552 eeclesia

327 2630 433 2700 parva
460 2609 494 2679 in
523 2606 610 2678 valle
639 2628 764 2697 magna
797 2610 888 2680 inter
914 2608 1115 2683 Bethlehem
1145 2618 1180 2681 et
1207 2609 1349 2686 Gazam.

331 2741 377 2812 Et
405 2741 484 2814 inde
511 2741 607 2812 ibant
634 2739 680 2813 ad
709 2740 875 2832 Gazam,
910 2742 966 2814 ubi
996 2749 1047 2813 est
1072 2750 1213 2815 sanctus
1241 2745 1348 2817 loma.

328 2874 374 2947 lit
406 2875 476 2947 iilic
507 2883 645 2947 orantes
671 2873 765 2946 ihant
791 2874 834 2946 ad
875 2881 1072 2948 sanctum
1106 2874 1350 2951 Matthiam.

329 3009 377 3080 lhi
404 3016 458 3081 eet
484 3028 606 3098 magna
633 3007 746 3100 gloria
773 3007 950 3081 dominica.
989 3006 1252 3101 Cumquesaera
1270 3009 1349 3081 mis-

327 3162 438 3213 samm
477 3141 643 3213 solemnia
679 3142 726 3213 ihi
765 3140 906 3214 inissent
941 3142 1125 3230 celebrata,
1167 3112 1349 3235 episeopus

328 3280 446 3346 noster
472 3273 705 3365 willibaldus,
742 3282 834 3348 stans
871 3276 918 3348 ihi
959 3275 1003 3349 ad
1031 3277 1185 3364 missam,
1231 3277 1344 3347 lumen

327 3407 500 3481 omloram
527 3407 641 3480 amisit
677 3415 714 3480 et
739 3430 860 3482 coecus
888 3408 952 3482 iuit
980 3409 1065 3482 duos
1093 3430 1239 3482 menses.
1297 3407 1347 3480 Et

328 3540 405 3613 iade
432 3541 528 3614 ibant
557 3542 600 3613 ad
632 3548 825 3615 sanetum
856 3542 1102 3616 Zachariam
1127 3541 1347 3634 prophetam,

328 3694 393 3745 non
418 3679 555 3766 patrem
580 3672 763 3766 iohannis,
802 3675 863 3749 sed
896 3676 998 3749 alium
1025 3676 1240 3769 prophetam.
1298 3672 1348 3746 Et

327 3806 878 3882 iadeumcihatadcaateilam
893 3808 1099 3882 hiramia.
1130 3808 1348 3901 Ihirequiea·

1124 3927 1177 3997 80
