3368 4650
455 806 541 875 xm
580 806 765 882 Danasons,
794 803 968 884 Nazareth,
992 805 1112 885 chana,
1137 806 1253 875 nabor.

425 999 683 1089 Confestimque
727 997 775 1070 illi
817 1018 895 1069 cum
935 998 1074 1072 licentia
1120 997 1276 1071 levantes
1317 1019 1366 1085 se,

343 1139 567 1222 perrexerunt
601 1132 636 1202 in
670 1130 913 1203 Damascum
949 1137 1085 1205 centum
1113 1131 1289 1221 milliaria,
1329 1133 1367 1203 et

342 1270 482 1333 sanctus
508 1263 662 1334 Ananias
688 1264 872 1354 requiescit
900 1265 957 1335 ibi.
1012 1264 1101 1336 Illud
1128 1273 1183 1336 est
1209 1264 1244 1336 in
1272 1271 1369 1337 terra

341 1392 464 1484 Syrim
520 1392 572 1464 lbi
607 1402 709 1464 erant
743 1415 844 1465 unam
883 1396 1144 1469 hebdomadam.
1200 1394 1250 1468 Et
1287 1397 1369 1468 inde

341 1532 420 1596 sunt
447 1525 515 1596 duo
541 1523 664 1613 millia,
693 1525 751 1595 nbi
781 1525 846 1596 init
874 1528 1035 1617 ecelesia,
1078 1536 1114 1600 et
1139 1528 1174 1599 in
1204 1528 1262 1601 illo
1291 1529 1368 1602 loco

339 1656 484 1749 primum
512 1675 700 1727 conuersus
728 1661 781 1727 est
808 1655 947 1747 Paulus,
978 1667 1015 1731 et
1031 1659 1195 1732 Dominus
1223 1660 1307 1731 dixit
1319 1659 1365 1730 ad

340 1790 449 1861 ilium:
485 1786 603 1876 Saule,
632 1782 752 1874 Saule,
781 1786 869 1878 quid
884 1791 1193 1881 mapersequem‘s?
1221 1796 1259 1864 ot
1286 1789 1367 1863 reli·

340 1944 417 2014 qna
458 1919 508 1992 Et
533 1920 603 1992 iilic
629 1924 770 1992 orantes
797 1919 1019 1993 ambulabant
1045 1921 1080 1993 in
1108 1920 1313 2014 Galilaenm‚
1330 1924 1363 1995 in

339 2056 433 2127 illum
461 2054 583 2143 locum,
613 2052 670 2125 ubi
684 2051 825 2126 Gabriel
853 2051 1000 2144 primum
1021 2056 1113 2127 vonit
1141 2056 1185 2128 ad
1210 2063 1362 2128 sanctam

339 2187 484 2260 Mariam
511 2194 547 2258 et
574 2185 676 2258 dixit:
711 2181 790 2255 Ave
816 2181 955 2273 Morio,
985 2192 1021 2258 et
1043 2188 1188 2279 reliqna.
1231 2189 1281 2261 ibi
1307 2194 1362 2261 est

335 2342 424 2392 nuno
452 2318 608 2393 ecclesia.
664 2316 712 2389 Et
738 2317 797 2389 iliu
825 2318 937 2408 vicus,
967 2319 1002 2391 in
1030 2340 1098 2409 quo
1126 2327 1179 2393 est
1208 2320 1361 2408 eoulesia,

335 2461 388 2526 est
414 2450 643 2525 Nazareth.
680 2449 779 2522 lliam
813 2451 992 2524 ecclesiam
1006 2453 1178 2525 christiani
1207 2451 1361 2526 homines

332 2607 436 2678 saepe
463 2583 706 2676 comparabant
733 2603 755 2653 a
782 2584 924 2674 paganis
950 2585 1159 2673 sarracenis,
1190 2585 1282 2675 quod
1310 2585 1358 2656 iili

334 2718 496 2792 volebant
524 2738 599 2790 eam
628 2716 817 2788 destruere.
876 2714 923 2786 Et
950 2716 995 2787 ibi
1026 2715 1175 2788 Domino
1201 2738 1239 2789 se
1267 2736 1359 2789 unm·

332 2852 532 2924 mendantoe
570 2847 833 2922 ambulaverunt
876 2847 973 2936 inde,
1016 2855 1053 2921 et
1099 2848 1283 2920 veniebant
1324 2849 1358 2920 in

332 2984 446 3057 villam
474 2981 673 3072 Channm,
702 2981 758 3054 nbi
774 2980 942 3054 Dominus
968 3001 1075 3072 aquas
1088 2980 1123 3052 in
1143 2980 1257 3052 vinum
1278 3001 1358 3052 con·

331 3118 445 3188 veron
503 3114 578 3187 lliio
604 3120 658 3187 ost
685 3113 831 3186 ecclesia
857 3131 990 3203 magna,
1021 3118 1057 3186 et
1072 3113 1107 3183 in
1135 3111 1194 3184 ilia
1212 3111 1357 3185 eoulesia

329 3255 398 3320 stat
431 3248 541 3320 attare
580 3267 684 3318 unum
717 3245 761 3318 de
793 3267 851 3319 sex
885 3245 1030 3335 hydn‘is,
1071 3265 1154 3337 quas
1193 3243 1358 3317 Dominus

324 3383 477 3473 inserat
510 3381 653 3472 implere
688 3398 797 3470 aqua,
827 3384 863 3449 et
896 3378 929 3449 in
972 3379 1088 3450 vinum
1115 3397 1237 3450 versae
1264 3385 1354 3466 sunt,

328 3520 367 3583 et
405 3513 450 3586 de
488 3513 547 3585 iiio
586 3510 921 3585 communicaverunt
964 3510 1055 3581 vino.
1114 3508 1227 3582 Unum
1264 3509 1355 3582 diem

327 3642 466 3717 inerunt
491 3645 576 3718 illie.
615 3642 666 3716 Et
692 3643 773 3716 inde
799 3648 985 3735 pergentes
1001 3649 1168 3716 venerunt
1195 3642 1240 3716 ad
1258 3662 1354 3715 mon·

329 3781 399 3848 ten
426 3774 580 3866 Tabor,
608 3775 666 3849 nbi
693 3774 857 3849 Dominus
885 3773 1147 3866 transfiguratus
1181 3781 1244 3846 eat
1300 3773 1353 3847 lbi
