3368 4650
1283 576 1348 642 loo

333 761 410 840 ane.
448 763 532 838 inde
560 771 614 836 est
642 764 757 853 etiam,
788 761 879 853 qnod
908 781 973 851 ego
1001 760 1034 833 in
1056 758 1355 852 hierosolymitana

333 919 470 974 manera
512 897 788 991 peregrinatione
833 917 896 991 pro
937 896 1073 970 Domini
1115 895 1223 970 nostri
1268 892 1352 968 Jesu

331 1031 456 1108 Christi
489 1053 623 1123 amore,
660 1034 710 1106 tui
743 1040 857 1106 tamen
885 1033 1036 1108 absentis
1070 1052 1138 1105 non
1166 1033 1353 1119 immemor,

332 1165 521 1239 dilectionis
548 1174 628 1238 tuae
657 1187 763 1239 causa
790 1168 866 1240 locs
884 1164 1100 1257 venerabilia,
1130 1184 1218 1259 quae
1238 1163 1354 1236 Domi-

332 1316 394 1367 nus
421 1305 548 1386 noster,
577 1299 693 1370 mundi
720 1299 881 1391 salvator,
911 1319 979 1372 una
1007 1320 1083 1372 cona
1117 1299 1266 1390 gloriosa
1292 1316 1354 1386 gc·

330 1429 450 1501 nitriae
478 1449 540 1500 sna
568 1428 691 1520 Maria,
721 1432 854 1520 virgine
881 1440 1058 1524 perpetua,
1088 1439 1124 1505 et
1152 1452 1227 1503 cum
1255 1451 1355 1502 reve-

331 1561 437 1633 rendo
465 1561 708 1652 discipulorum
731 1582 867 1634 suorum
896 1564 1039 1654 collegio
1057 1563 1230 1653 corporali
1258 1584 1354 1633 sarac-

332 1691 472 1764 titioavit-
500 1695 705 1784 praesentia,
735 1696 918 1786 praecipue
947 1697 980 1766 in
1009 1696 1145 1767 civitate
1163 1692 1354 1765 sanctulo·

332 1827 488 1913 msalem,
518 1833 647 1916 quanto
676 1826 864 1916 expressius
893 1834 928 1898 ct
954 1826 1138 1898 studiosius
1165 1826 1263 1916 potui
1292 1825 1352 1897 ‹le-

330 1959 478 2030 notundo
506 1959 539 2028 in
569 1958 618 2029 eis
646 1958 747 2046 lacta,
777 1963 813 2029 et
829 1960 1075 2047 epigrammata
1089 1961 1162 2031 sive
1184 1960 1350 2049 prosaice.

329 2092 400 2163 sire
428 2089 569 2163 metnce
598 2090 678 2180 styli
706 2089 819 2162 officio
849 2090 1012 2179 colligere
1042 2091 1208 2164 laboravi.
1239 2091 1348 2180 Quam

330 2223 589 2315 descriptionem
618 2224 679 2295 tibi
707 2231 887 2316 acceptam
915 2222 989 2295 fore
1004 2224 1157 2310 aestimo,
1189 2225 1266 2297 ideo
1285 2227 1351 2295 sci·

329 2356 418 2440 licet,
448 2359 528 2448 qnia
555 2355 734 2428 evidenter
771 2356 902 2446 singulo
936 2376 999 2447 per
1026 2376 1100 2426 eam
1128 2363 1247 2429 notata
1274 2358 1345 2440 tibi,

330 2490 530 2580 qoaoloqne
565 2487 681 2559 divina
707 2490 927 2580 inspiratione
957 2496 992 2559 et
1019 2489 1166 2560 tuitione
1194 2489 1261 2561 huc
1290 2510 1349 2559 ve·

330 2623 450 2709 nienu,
487 2627 608 2710 sponte
643 2630 680 2694 et
714 2622 786 2693 sine
821 2621 1047 2729 inquisitionis
1075 2642 1171 2693 naora
1199 2631 1234 2692 et
1262 2621 1349 2693 diffi-

329 2754 457 2825 cultate
473 2762 643 2844 tamqnam
674 2763 758 2825 nota
788 2755 854 2826 tuis
881 2776 956 2827 sose
975 2755 1133 2842 ingerent
1148 2755 1263 2842 ocus,
1295 2756 1348 2826 vel

327 2887 354 2956 si
375 2887 464 2959 torte
485 2887 563 2958 illuc
584 2908 649 2959 non
672 2886 841 2957 veniendo
869 2887 952 2958 hoec
972 2887 1094 2958 intuitu
1129 2906 1195 2957 non
1222 2886 1350 2957 videbis

328 3039 500 3111 corporeo,
523 3025 635 3089 tannen
649 3038 691 3091 ex
713 3018 772 3089 tali
793 3020 914 3090 notitia
935 3026 971 3090 et
990 3019 1277 3110 contemplatione
1292 3039 1351 3089 eo·

330 3172 400 3221 runa
415 3150 623 3244 ampliorem,
648 3150 760 3241 quoad
777 3151 1078 3223 sanctificationem
1098 3153 1259 3242 ipsorum,
1289 3150 1349 3222 de·
1429 3107 1442 3137 ⁸

329 3286 499 3354 notionem
513 3282 663 3354 habebis.
683 3280 763 3353 Scio
778 3286 933 3374 equidem
943 3286 1015 3377 jaun
1031 3284 1155 3356 dudunt
1171 3292 1250 3356 ante
1262 3293 1349 3357 tem·

330 3435 411 3502 pora
425 3415 589 3487 moderna
603 3414 688 3487 haec
703 3415 822 3487 eadem
838 3418 912 3489 loca
926 3437 992 3488 non
1015 3424 1143 3489 matum
1160 3418 1193 3487 in
1209 3417 1349 3488 civitate

328 3549 490 3636 praelata,
525 3547 586 3618 secl
621 3549 722 3619 etiam
752 3549 854 3637 longe
883 3557 978 3622 extra
1013 3551 1125 3639 posita
1152 3548 1347 3639 aquodam

329 3679 400 3749 viro
431 3680 621 3751 reverendo
655 3681 688 3752 iu
724 3683 852 3771 scripta
892 3683 1030 3755 redacta
1066 3683 1184 3767 fuisse3
1229 3702 1347 3754 rernm

326 3811 403 3899 quia
414 3810 639 3904 postmodam,
666 3816 828 3904 portanti
856 3817 1020 3908 temporis
1036 3817 1192 3909 spatium,
1222 3814 1344 3887 eadem
