3368 4650
360 457 403 524 58

361 641 496 712 domum
524 642 632 707 totam
660 634 825 726 desolare,
855 635 1031 708 instillavit
1060 637 1092 706 ei
1120 641 1259 706 sanctus
1271 635 1385 707 Willi-

360 770 496 858 baldus,
532 766 579 836 nil
608 765 723 836 divino
742 769 857 839 amori
885 765 1173 858 praeponendum,
1203 767 1291 837 hanc
1317 787 1381 856 pro

361 902 499 976 Christo
545 896 784 970 crudelitatem
826 898 916 967 omni
960 899 1094 988 pietate
1142 894 1378 969 humaniorem

360 1035 520 1126 solosque
547 1028 664 1103 mundi
692 1032 932 1102 comtemtores
945 1027 1071 1102 Christi
1091 1029 1229 1103 fotmus
1256 1029 1378 1101 cohae-

359 1168 470 1242 redes.
526 1165 647 1236 Victus
674 1161 809 1234 domum
836 1162 979 1235 veridici
1011 1163 1070 1236 filii
1105 1165 1314 1255 narratione,
1344 1184 1382 1237 se

359 1301 690 1390 obtemperaturum,
728 1298 765 1367 ct
802 1315 1004 1388 quocunqne
1031 1317 1053 1369 a
1086 1318 1168 1370 caro
1200 1295 1384 1368 duceretur

358 1435 514 1525 pignore,
542 1435 736 1504 secutnmm
763 1429 945 1520 promittit.
980 1429 1203 1504 incenderat
1230 1434 1262 1502 et
1288 1428 1381 1501 tidem

356 1566 444 1657 faldo
483 1565 593 1639 ordor
629 1585 657 1638 r.
707 1560 899 1636 Willidotda‘
928 1563 1079 1652 fratrem
1119 1562 1382 1655 Wuoadaldum,

359 1698 665 1775 dcideudaimernaa
698 1696 846 1771 coerwdii
872 1704 1137 1774 cormtructorem
1169 1703 1203 1771 et
1231 1697 1385 1772 ammana

357 1834 529 1922 ficturum,
556 1855 619 1905 acc
645 1854 714 1905 uon
741 1837 773 1904 et
799 1831 975 1906 cadorum
1005 1855 1175 1923 sororem,
1210 1833 1385 1926 circinum

361 1967 477 2074 decas,
513 1963 744 2056 Wudpurqam
770 1965 961 2060 multosque
994 1967 1151 2058 ejusdcm
1177 1989 1248 2041 noa
1273 1966 1384 2039 solam

360 2098 584 2190 coqaotioms,
613 2098 900 2190 ammonitida,
929 2107 979 2190 at,
1009 2106 1108 2193 copto
1122 2098 1383 2186 moinoaaa'do,

362 2231 451 2303 nudi
477 2231 652 2303 evolarent
677 2232 830 2304 sectatori
856 2255 969 2323 recem
993 2233 1139 2324 olomuc

447 2366 482 2432 4.
512 2364 614 2435 Anno
657 2364 691 2434 in
732 2368 901 2436 aestatem
934 2373 1117 2457 remante,
1159 2388 1235 2439 cum
1274 2365 1386 2437 ventis

364 2493 575 2586 patientibus
614 2495 725 2588 prima
762 2495 847 2570 fides
886 2498 1059 2572 arrideret
1095 2499 1236 2590 pelago,
1278 2497 1386 2570 sancti

363 2627 490 2714 fratres
517 2627 732 2702 Willibaldus
760 2636 796 2702 et
822 2620 1056 2704 Wunebaldus
1083 2653 1162 2702 cum
1192 2636 1295 2724 patre
1320 2627 1385 2701 Ri-

364 2760 494 2833 chordo
530 2766 562 2833 et
593 2783 710 2833 sorore
743 2759 943 2857 Woipuroa-
972 2764 1129 2856 odiisque¹
1154 2785 1224 2834 noa
1249 2763 1384 2857 ponem,

367 2894 405 2964 in
437 2915 584 2986 quorum
615 2893 807 2989 poenum
834 2894 926 2967 idem
956 2896 1110 2984 feruebat
1144 2893 1268 2985 ordor,
1304 2893 1383 2966 navi

364 3046 556 3116 conscensa,
586 3027 654 3100 iter
668 3031 823 3117 optatum
843 3029 1011 3121 arripiunt
1029 3035 1075 3121 et,
1104 3027 1214 3101 vedis
1233 3026 1384 3115 fedt‘citer

363 3156 796 3250 adaequantidumipam
811 3159 958 3234 fluminis
972 3161 1124 3252 ‚Sigonaa
1142 3163 1240 3254 jnxta
1252 3159 1383 3249 orbem,

365 3311 452 3382 quae
490 3297 633 3364 vocatur
658 3291 826 3381 Rotum,
862 3293 1075 3385 appulerunt.
1130 3293 1213 3375 Inde
1241 3292 1384 3365 Romam

364 3424 556 3514 tendentes,
584 3425 753 3516 Lucam,
782 3423 929 3498 Tusciae
948 3426 1077 3517 urbem,
1107 3426 1290 3514 devenere,
1322 3426 1384 3498 ibi-

366 3577 433 3649 que
461 3561 593 3648 patrem
614 3579 710 3631 suurn
738 3580 837 3632 carne
863 3560 1011 3632 solutum
1040 3565 1075 3632 et
1102 3559 1266 3650 praemia,
1297 3580 1383 3650 quae

367 3691 554 3779 obsecutos
592 3689 661 3765 tilio
702 3693 843 3785 meruit,
894 3692 1060 3800 adeptum
1106 3693 1142 3765 in
1178 3692 1384 3782 ¹coemetario
