3368 4650
1296 552 1360 620 119

345 742 494 816 stantino
521 742 729 834 imperatore
756 741 799 812 ab
825 738 969 830 Helena,
997 742 1200 827 matresua,
1229 731 1364 806 reaedi-

343 876 483 950 ficatum
523 877 624 951 fnisse
671 874 856 968 perhibent
893 896 955 966 pro
994 871 1187 946 reverentia
1223 874 1363 942 sanctae

336 1011 447 1083 crucis
479 1010 523 1082 ab
564 1033 607 1084 ea
643 1016 822 1101 repertae;
856 1009 913 1082 alii
948 1009 993 1081 ob
1027 1005 1186 1080 Heraclio
1215 1005 1361 1094 impera-

334 1150 410 1214 tore
437 1163 500 1233 pro
528 1144 728 1216 reverentia
755 1144 837 1233 ligni
856 1142 1004 1231 Domini,
1032 1139 1123 1230 quod
1152 1139 1195 1211 de
1215 1134 1358 1210 Perside

335 1272 547 1364 triumphans
588 1275 773 1364 retulerat;
811 1275 870 1347 alii
910 1295 930 1345 a
963 1274 1158 1348 Justiniano
1191 1275 1357 1361 anguem

333 1404 390 1474 alii
425 1424 447 1474 a
480 1404 625 1495 quodam
659 1406 865 1496 imperatore
898 1406 1068 1498 Memphis
1106 1405 1257 1496 Aegypti
1293 1424 1357 1493 pro

335 1536 528 1609 reverentia
561 1535 652 1607 allah
686 1535 800 1628 trebir,
837 1539 872 1610 id
905 1546 972 1628 est,
1010 1538 1128 1609 summi
1161 1536 1243 1626 Dei,
1273 1557 1358 1628 quo-

337 1670 426 1740 niam
462 1667 507 1738 ad
543 1667 652 1758 ipsum
689 1668 867 1741 colendum
902 1670 1025 1742 devote
1053 1670 1095 1741 ab
1124 1669 1212 1739 omni
1242 1668 1358 1756 lingna

337 1805 534 1875 veneratur.
592 1799 762 1873 Praesens
794 1799 876 1891 hoc,
909 1803 1061 1893 inquom,
1097 1800 1257 1890 templum
1293 1805 1356 1890 est,

332 1934 376 2006 de
402 1953 470 2026 quo
491 1933 722 2022 praedicatur,
751 1932 841 2023 quod
869 1935 903 2005 in
930 1933 1115 2026 penultimo
1143 1937 1268 2006 octavo
1296 1933 1353 2006 die

331 2068 452 2140 natalis
485 2067 536 2139 sni
568 2086 657 2156 puer
689 2065 791 2141 Jesus
824 2068 1040 2140 circumcisus
1072 2066 1186 2139 fuerit
1247 2067 1354 2141 Prae·

331 2203 461 2294 putium
489 2199 563 2291 ejus
589 2200 624 2271 in
650 2198 843 2272 Jerusalem
870 2199 904 2270 in
932 2200 1060 2290 templo
1094 2200 1138 2272 de
1172 2200 1280 2273 coelis
1307 2199 1351 2271 ab

331 2334 452 2425 angelo
481 2331 615 2422 Carolo,
651 2351 776 2421 magno
810 2333 902 2422 regi,
930 2340 1182 2423 praesentatum
1219 2332 1283 2405 luit
1315 2340 1352 2406 et

331 2469 445 2541 abeo
474 2466 621 2537 delatum
656 2466 690 2536 in
718 2464 849 2538 Gallias
882 2465 1102 2558 Aquisgrani,
1136 2467 1197 2539 sed
1231 2475 1352 2560 postea

332 2601 500 2694 quideme
517 2597 641 2671 Carolo
657 2595 765 2671 Calvo
793 2600 992 2672 translatum
1007 2598 1041 2670 in
1055 2599 1287 2691 Aquitaniam,
1317 2602 1351 2672 in

326 2755 416 2827 pago
444 2731 656 2825 pictaviensi,
686 2731 775 2822 apud
797 2729 974 2804 Camsium
1003 2732 1036 2802 in
1064 2734 1220 2821 ecclesio,
1250 2754 1350 2822 quam

326 2868 389 2941 sibi
417 2867 451 2938 in
478 2866 607 2938 honore
635 2863 819 2936 salvatoris
846 2865 952 2937 nostri
971 2865 1169 2954 construxit,
1199 2871 1236 2936 et
1255 2865 1350 2953 regie

328 3000 424 3072 bonis
451 2998 663 3090 amplissimis
690 2997 753 3069 sub
780 2998 970 3070 monachali
999 2997 1167 3091 religione
1195 2996 1349 3087 locuple·

327 3133 430 3204 tavit:
462 3131 553 3224 quod
590 3151 632 3202 ex
673 3136 753 3203 tunc
791 3152 898 3223 nsque
936 3129 1039 3203 modo
1075 3130 1274 3204 solemniter
1301 3130 1347 3202 ibi

326 3272 522 3338 asservatur
549 3272 585 3337 et
612 3270 804 3339 veneratur.

325 3499 357 3564 t.
394 3498 554 3584 l'amplnm
583 3498 727 3579 oomni,
749 3497 961 3579 traditiones,
984 3498 1157 3585 desortptio
1180 3497 1292 3583 templi
1315 3500 1349 3565 et

391 3613 569 3699 orsmaro
592 3613 664 3682 leot

382 3794 481 3869 Nunc
525 3818 608 3869 vero
649 3817 766 3870 eamus
805 3797 850 3868 ad
891 3796 1241 3889 repraesentationem
1275 3793 1346 3866 llo
