3368 4650
393 487 440 556 40

393 671 446 744 lbi
473 674 529 742 est
554 668 693 740 turris
718 666 888 742 Libani.
927 667 979 740 Et
1005 667 1065 760 qui
1090 663 1172 736 Μαι
1196 663 1333 737 murt
1350 681 1419 733 non

396 804 527 875 nahem
553 806 693 890 urtam,
720 820 788 873 nou
816 803 1143 894 pmmamitlncum,
1171 797 1252 891 (μὴ
1275 796 1313 868 in
1343 816 1423 867 cm·

394 930 1264 1026 todiaestillelucus,etestdaustrum,sed
1297 929 1422 1003 cituai

396 1070 530 1141 venerit
557 1069 631 1140 sine
658 1076 774 1160 urta,
815 1070 941 1143 tollunt
975 1071 1072 1143 sslum
1098 1069 1192 1144 dves
1218 1072 1256 1139 et
1280 1053 1422 1137 mittrmt

395 1199 1424 1293 anurnemrymm.1110momoetinterrymet

394 1333 636 1405 Talamaidam.
693 1335 744 1407 Et
776 1345 856 1411 tunc
888 1341 982 1410 uenit
1017 1341 1146 1412 iterum
1174 1338 1352 1430 episeopus
1376 1331 1422 1403 ad

395 1466 557 1560 Tyrum

477 1601 667 1697 Episcopus
694 1603 912 1677 willibaldus
947 1604 1060 1695 prins,
1099 1603 1238 1696 quando
1275 1607 1354 1674 erat
1385 1600 1422 1671 iu

395 1734 597 1826 Jerusalem,
627 1739 765 1810 emebat
789 1739 852 1812 ani
877 1737 1064 1810 balsamum
1091 1740 1129 1807 et
1144 1736 1417 1828 replebatunam

395 1867 603 1939 muuerbam.
660 1870 765 1942 Tollit
803 1893 904 1944 unam
938 1890 1100 1958 cannam,
1127 1889 1217 1959 quae
1248 1868 1312 1940 fuit
1337 1887 1416 1939 uun-

396 2018 481 2070 cava
514 2008 550 2072 et
580 2001 703 2074 habuit
733 2004 847 2077 imum
908 2001 1006 2074 Illam
1037 2001 1188 2092 replerit
1219 2000 1265 2072 de
1296 2004 1416 2091 petrae

396 2131 486 2221 oleo,
516 2139 553 2203 et
578 2130 660 2206 seut
685 2134 779 2207 intus
814 2139 849 2207 in
875 2134 1090 2223 mnnerbm,
1129 2141 1167 2205 et
1191 2132 1299 2207 emit
1323 2130 1416 2202 ssiam

391 2267 878 2356 eannamparemmunerbae,
906 2269 957 2338 ita
982 2269 1085 2339 utin
1112 2266 1264 2356 margine
1291 2263 1410 2335 ambae

394 2401 492 2467 erant
518 2397 645 2468 similes
670 2398 782 2487 plane,
812 2399 920 2471 etsie
946 2399 1128 2473 claudebat
1154 2419 1194 2470 oa
1219 2397 1413 2470 munerhae.

393 2524 546 2618 Cumque
573 2531 747 2603 venissent
775 2530 824 2602 illi
849 2531 895 2601 ad
921 2532 1041 2604 urbem
1068 2531 1212 2623 hrum,
1246 2530 1296 2600 illi
1324 2529 1416 2600 cives

394 2660 486 2732 urbis
513 2661 676 2733 tollentes
704 2682 766 2733 eos
794 2665 1074 2755 constringebant
1102 2668 1140 2735 et
1170 2682 1305 2735 omnem
1332 2661 1415 2733 seir·

394 2792 611 2866 fumeorum
639 2795 881 2887 exquirebant,
919 2804 957 2870 nt
993 2797 1206 2886 reperirent,
1234 2794 1263 2867 si
1289 2792 1415 2883 aliquid

395 2925 594 2999 habuissent
620 2927 861 3001 absconditum.
912 2930 1015 3003 Etsi
1042 2927 1171 3020 aliquid
1197 2924 1415 3014 invenissent,

396 3060 464 3130 cito
493 3058 569 3131 illos
596 3061 775 3149 punientes
802 3064 1073 3152 martyrizarent.
1120 3059 1276 3150 Cumque
1303 3056 1416 3128 omnia

396 3191 614 3282 exquirentes
640 3192 722 3264 nihil
751 3194 957 3267 invenissent
982 3194 1045 3265 nisi
1072 3192 1288 3280 mnnerbam,
1315 3211 1416 3282 qnam

397 3323 517 3395 habuit
530 3323 755 3413 willibaldus,
784 3325 876 3397 illam
898 3326 1091 3416 aperientes
1109 3324 1308 3413 odorabunt
1325 3321 1415 3414 qnod

395 3458 485 3528 intus
525 3454 652 3528 fuisset.
721 3454 873 3548 Cumque
911 3458 1100 3530 adorabant
1132 3465 1254 3548 petrae
1292 3457 1413 3545 oleum,

397 3591 478 3680 quia
510 3588 599 3661 intus
631 3589 665 3660 in
706 3610 812 3662 canna
853 3590 965 3663 fuerat
999 3612 1120 3683 snpra,
1156 3598 1193 3663 et
1219 3589 1413 3678 balsamum,
