3368 4650
1322 563 1367 632 95

339 753 476 827 sionis
514 750 683 825 Domini
726 746 770 821 ad
809 750 954 841 patrem.
1016 745 1175 820 Habetur
1215 745 1261 819 ibi
1303 765 1366 819 er·

338 888 470 962 clesia
496 887 646 960 rotunda
671 885 743 957 sine
772 889 875 974 tecto,
905 883 939 954 in
954 882 1051 975 cujus
1075 881 1202 975 medio,
1231 881 1295 954 hoc
1311 885 1364 954 est

338 1021 372 1093 in
400 1021 478 1094 loco
506 1021 710 1094 ascensionis
722 1018 868 1109 Domini,
898 1017 1175 1090 habeturaltare
1201 1017 1362 1088 subdivo

336 1162 468 1244 patens,
497 1155 530 1225 in
559 1174 626 1243 quo
653 1153 873 1225 celebrantur
905 1152 1083 1225 sollemnia
1109 1152 1299 1222 missarum.

421 1290 481 1358 15.
518 1284 602 1355 lude
643 1285 857 1356 transivimus
897 1285 940 1356 ad
970 1285 1232 1374 Bethaniam,
1274 1306 1361 1377 quae

335 1417 462 1488 estad
490 1416 676 1503 meridiem,
713 1416 841 1487 distans
876 1437 897 1488 a
931 1426 1046 1489 monte
1062 1415 1190 1489 Oliveti
1204 1419 1360 1490 milliario

335 1571 418 1635 uuo,
448 1550 481 1618 in
515 1547 680 1618 descensu
709 1549 813 1636 ipsius
840 1553 975 1620 montis.
1011 1550 1048 1619 In
1079 1570 1147 1639 quo
1164 1557 1215 1619 est
1228 1572 1360 1622 mornas-

334 1685 475 1767 terium,
513 1681 611 1768 cujus
649 1679 840 1749 ecclesia
874 1681 1152 1770 sepulchrum
1192 1691 1359 1753 monstrat

333 1813 500 1886 Lazari:
529 1813 628 1904 juxta
661 1809 752 1902 quod
781 1819 832 1881 est
859 1813 988 1901 piscina
1015 1811 1057 1882 ad
1085 1813 1293 1903 aquilonem,
1325 1816 1357 1886 in

331 1968 399 2038 qua
428 1948 524 2037 jussu
560 1944 694 2016 Domini
728 1944 813 2013 lavit
845 1966 882 2014 se
918 1946 992 2034 ipse
1026 1944 1178 2016 Lazarus
1212 1948 1358 2018 resusci-

334 2085 442 2167 tatus,
486 2078 543 2168 qui
581 2077 706 2148 dicitur
745 2084 866 2167 postea
907 2078 1073 2149 exstitisse
1110 2079 1288 2171 episcopus
1323 2081 1356 2151 in

332 2211 475 2303 Epheso
508 2209 570 2282 XL
602 2210 708 2281 annuis.
766 2210 801 2280 ln
830 2210 993 2281 descensu
1027 2212 1129 2283 etiam
1166 2212 1356 2285 demente

332 2343 458 2416 Oliveti
486 2344 531 2417 ad
559 2342 801 2415 occidentalem
830 2344 964 2435 plagam
981 2344 1179 2416 ostenditur
1193 2367 1354 2434 marmor,

331 2478 375 2549 de
411 2498 479 2569 quo
515 2477 689 2548 descendit
717 2476 883 2547 Dominus
919 2498 1024 2567 snper
1060 2479 1187 2568 pullum
1226 2481 1354 2551 asinae.

332 2611 423 2682 luter
463 2611 546 2681 haec
583 2610 624 2681 ad
653 2610 847 2696 meridiem,
886 2609 917 2679 in
954 2610 1042 2680 valle
1076 2609 1261 2703 Josaphat,
1302 2620 1355 2685 est

330 2745 553 2816 natatoria
580 2741 702 2815 Silue.

415 2880 475 2948 16.
510 2876 565 2946 ab
579 2875 770 2947 Jerusalem
788 2875 1003 2945 transivimus
1020 2872 1065 2945 ad
1082 2874 1348 2949 Bethlehem.

327 3010 359 3081 Α
397 3009 472 3080 loco
501 3009 685 3080 nativitatis
713 3007 866 3096 Domini,
905 3008 961 3098 qui
997 3006 1061 3078 luit
1091 3006 1148 3079 Vl.
1176 3010 1347 3099 milliario,

328 3151 483 3215 ostensus
510 3150 562 3212 est
592 3161 768 3230 campus,
799 3143 831 3211 in
861 3141 1348 3232 quolaborabatllabacuc,

326 3276 462 3368 quaudo
490 3275 630 3363 angelus
652 3273 786 3344 Domini
809 3275 913 3363 jussit
941 3296 1016 3345 eum
1046 3277 1224 3365 prandium
1253 3278 1346 3350 lerre

327 3407 458 3480 Danieli
486 3410 519 3480 in
549 3405 766 3496 Babylonem,
796 3429 882 3496 quae
918 3407 1041 3480 estad
1069 3409 1258 3497 meridiem,
1289 3410 1346 3482 ubi

327 3543 482 3631 regiravit
510 3540 837 3613 Nabuchodonosor:
866 3561 967 3628 quam
997 3564 1086 3614 nunc
1113 3552 1291 3632 serpentes
1306 3565 1346 3615 ac

327 3674 456 3745 hestiae
484 3674 684 3745 inhabitant.
742 3671 943 3744 Bethlehem
972 3697 1057 3764 ergo
1085 3676 1189 3748 habet
1215 3678 1346 3751 eccle·

325 3806 429 3877 siam
457 3807 556 3878 valde
583 3825 738 3898 magram
767 3806 800 3875 in
817 3803 1139 3881 honoresauctae
1167 3809 1344 3904 Mariae,
