3368 4650
1285 553 1353 623 253

328 746 432 819 siam
450 745 684 836 georgitarum
703 743 793 816 bene
813 740 1020 832 decoratam,
1049 759 1139 834 quae
1165 735 1217 811 ad
1242 755 1352 811 sano

328 883 414 952 tam
446 899 615 953 erucem
651 878 795 970 dieitur,
835 878 915 969 quia
951 877 1053 950 arbor
1086 874 1194 949 auda
1226 869 1351 947 Christi

328 1011 455 1087 ibidem
482 1013 577 1086 stetit
603 1018 639 1083 et
665 1011 791 1104 erevit,
820 1013 920 1105 cujus
945 1010 1101 1085 foramen
1128 1008 1264 1083 videtur
1289 1008 1351 1081 bu·

328 1165 457 1238 ousque
489 1145 565 1219 sub·
586 1165 727 1236 quorum
763 1144 890 1239 (chori)
929 1144 1039 1218 altari.
1095 1142 1224 1216 Postea
1251 1141 1352 1234 juxta

328 1277 436 1368 mam,
480 1297 549 1369 qua
589 1279 658 1349 itur
689 1277 734 1348 ad
773 1275 921 1367 Gazam,
961 1278 1097 1350 videtur
1138 1295 1243 1367 aqua,
1285 1293 1352 1365 qua

327 1409 547 1482 eunuchus
574 1428 596 1479 a
621 1407 780 1502 Philippo
809 1417 862 1482 est
888 1410 1143 1500 baptizatus.
1199 1409 1283 1481 Act.
1312 1406 1350 1523 ⁸:

622 1613 749 1682 Divlslo
771 1615 893 1683 Terrae
914 1617 1060 1684 Sauotao.

407 1800 518 1875 Terra
545 1803 621 1892 ista,
651 1823 751 1894 quam
778 1812 929 1878 sanctam
957 1806 1108 1895 dicimus,
1138 1802 1350 1877 indistribu-

324 1938 417 2010 tioue
450 1933 573 2008 oecidit
612 1934 645 2006 iu
677 1942 806 2007 sortem
839 1937 1017 2010 duodecim
1049 1937 1199 2010 tribuum
1231 1936 1346 2024 lsrael,

326 2079 362 2143 et
387 2090 452 2162 pro
481 2072 580 2158 parto
607 2066 719 2158 aliqua
742 2067 918 2142 dicebatur
944 2089 1121 2158 reguum
1147 2069 1347 2160 Judaeae,

332 2223 422 2296 quae
451 2205 526 2274 erat
553 2200 696 2273 duarum
723 2200 885 2291 tiibuum
913 2202 1042 2275 scilicet
1056 2203 1168 2278 Judae
1195 2210 1233 2275 et
1259 2203 1349 2277 Beu-

323 2335 449 2429 jamiu,
489 2353 552 2424 pro
586 2339 686 2424 parte
720 2335 832 2406 altera
866 2334 1046 2408 dicebatur
1080 2355 1253 2426 reguum
1281 2335 1349 2409 Sa·

326 2471 503 2558 mariae,
548 2467 581 2537 iu
617 2487 683 2556 quo
716 2468 919 2557 metropolis
953 2476 1006 2541 est
1033 2466 1185 2541 Samaria
1218 2470 1347 2558 datm,

326 2622 417 2693 quae
446 2607 483 2674 et
511 2597 653 2671 Sebaste
681 2599 822 2690 dieitur,
852 2606 889 2673 et
918 2609 1023 2692 caput
1049 2599 1116 2672 fuit
1144 2601 1262 2676 deoem
1288 2602 1348 2673 tri-

324 2733 427 2808 buum
455 2733 679 2823 reliquarum,
710 2751 800 2822 quae
829 2732 935 2804 Israel
963 2733 1151 2806 dicebatur.
1210 2732 1348 2805 Utrum·

326 2885 392 2957 que
428 2871 542 2936 tamen
583 2883 724 2954 reguum
766 2885 844 2937 cum
884 2870 957 2936 tota
997 2872 1091 2938 terra
1131 2863 1348 2960 Philistim

324 2996 501 3071 dicebatur
548 2996 812 3087 Palaestina,
860 3017 946 3087 quae
992 3004 1066 3071 erat
1111 3017 1207 3087 pars,
1263 2997 1348 3070 sicat

325 3125 483 3219 Sorouda,
512 3129 681 3219 Lotringa
696 3136 815 3221 partes
829 3135 908 3203 suut
923 3129 1126 3218 Teutouiae‚
1156 3134 1192 3202 et
1212 3128 1347 3221 Lougo-

328 3261 450 3335 bardis
482 3272 518 3336 et
551 3263 672 3335 Tuscia
704 3269 823 3354 partes
863 3271 940 3336 suut
973 3262 1102 3336 ltaliae.
1172 3260 1220 3335 lit
1253 3271 1343 3352 uota

329 3395 419 3485 quod
447 3402 535 3469 tres
563 3404 641 3469 sunt
666 3394 954 3470 Palaestinae.
1018 3395 1056 3466 lu
1085 3397 1197 3486 prima
1223 3405 1347 3469 metro-

326 3527 416 3615 polis
443 3536 496 3602 est
523 3528 754 3603 Jerusalem
789 3552 867 3602 cum
902 3529 1057 3603 omuibus
1084 3531 1252 3602 moutams
1278 3531 1346 3602 suis

327 3681 434 3752 usque
469 3663 512 3734 ad
545 3684 639 3737 mare
666 3662 844 3735 Mortuum
881 3670 916 3735 ot
948 3665 991 3736 ad
1025 3663 1199 3735 desertum
1232 3662 1344 3735 Kadoe

324 3791 449 3868 Barue.
507 3793 672 3887 &cunda
702 3798 800 3888 quus
827 3797 1029 3889 metropolis
1055 3802 1110 3868 est
1138 3793 1344 3869 Caesarea
