3368 4650
359 492 423 565 tlt

350 681 413 749 ete.
459 669 614 745 Secundo
648 669 804 742 milliario
831 690 853 741 a
881 667 1014 740 Gelboe
1046 671 1165 738 oonmn
1198 668 1367 744 orientem

349 800 645 897 Scythopolis,
674 800 850 873 Galilaeae
884 799 1005 872 civitas
1033 799 1249 891 metropolis,
1277 819 1368 891 qnae

349 942 385 1009 et
411 933 571 1023 Bethsan,
599 930 723 1027 idest,
752 931 872 1003 domus
898 929 978 1001 solis
1006 928 1061 1001 vel
1088 929 1220 1002 civitas
1257 929 1370 1022 Supra

347 1088 462 1143 uultum
502 1066 577 1161 ejus
620 1060 870 1156 suspenderunt
907 1065 1012 1152 capnt
1053 1059 1173 1137 Saulis.
1239 1063 1366 1156 Quinto

346 1198 503 1273 milliario
529 1218 551 1269 a
577 1195 739 1271 Jezrauel
766 1192 912 1268 Genon
941 1195 1116 1295 oppidum,
1145 1198 1236 1291 quod
1262 1199 1364 1272 modo

346 1332 469 1409 crosa
496 1328 550 1405 voi
580 1327 695 1425 Major
722 1326 856 1401 Gallina
882 1327 986 1418 vulgo
1014 1329 1147 1406 dieitur.

343 1593 371 1663 t.
404 1592 561 1674 damona,
578 1589 728 1659 Dothalm
741 1587 1053 1681 (olstemaJoseph),
1074 1591 1361 1675 monestrum,

412 1698 535 1781 dlohtr,
558 1696 670 1768 Bathel
692 1694 815 1784 (Luna),
838 1696 988 1782 (lartum,
1018 1699 1124 1778 (isbal,
1148 1700 1357 1783 Sllo,1tama.

421 1865 453 1937 A
481 1862 601 1937 lleuon
630 1861 753 1955 oppido
781 1862 898 1955 incipit
923 1862 1121 1936 Samaria.
1170 1863 1265 1936 inter
1291 1862 1357 1935 hoe

340 2002 376 2069 et
405 1996 568 2071 sonatan
595 1995 790 2067 ostenditur
816 1995 984 2086 planities,
1014 2014 1114 2084 quam
1141 2000 1265 2068 vocant
1279 1965 1358 2067 Do·

340 2128 486 2217 tlutiut,
516 2127 573 2200 ubi
600 2148 708 2218 prope
737 2127 827 2199 viam
854 2123 965 2195 adhuc
1000 2131 1145 2213 apparet
1172 2131 1271 2198 vetus
1299 2126 1357 2196 illa

338 2260 500 2347 eistoruu,
537 2260 570 2330 in
606 2279 707 2348 quarn
741 2255 863 2326 missus
896 2253 960 2326 init
985 2256 1117 2345 doseplr
1145 2277 1167 2328 a
1192 2257 1356 2330 iratribus

336 2390 414 2465 suls.
457 2389 599 2462 Decimo
626 2386 781 2460 milliario
808 2407 830 2458 a
857 2384 977 2460 Genon
1006 2392 1059 2458 est
1071 2386 1236 2480 Samaria,
1266 2411 1354 2481 quae

336 2530 370 2597 et
399 2520 578 2595 Sebaste
606 2528 642 2592 et
669 2519 825 2607 Augusta
852 2519 895 2590 ab
922 2518 1080 2608 Augusto
1107 2521 1224 2593 civitas
1251 2522 1350 2616 dieta,

335 2654 368 2728 iu
397 2674 463 2747 apuu
489 2652 642 2745 sepultus
675 2651 740 2724 fuit
771 2651 829 2724 ille
857 2670 1062 2743 praecursor·
1087 2654 1240 2745 Domini,
1269 2655 1353 2749 bap

335 2787 412 2861 tiata
438 2784 621 2874 Jotrannes,
651 2787 694 2858 ab
721 2784 862 2857 Herode
890 2784 1082 2857 decollatus
1110 2792 1204 2858 trans
1224 2786 1350 2859 Jorda-

334 2941 420 3009 ueuu,
445 2919 546 3014 juxta
572 2917 683 2990 laeum
701 2915 942 3010 Asphaltiten,
970 2917 1004 2988 in
1032 2917 1350 2994 castelloMaclrae·

333 3058 449 3142 uuutu,
484 3071 506 3123 a
540 3049 713 3141 discipulis
748 3050 818 3122 suis
851 3051 931 3124 inde
966 3050 1149 3124 translatus
1182 3050 1348 3126 Sebasten

332 3184 443 3279 ibique
479 3183 632 3275 sepultus
660 3183 751 3254 inter
777 3180 975 3255 Helisaeum
1002 3190 1041 3256 et
1068 3185 1223 3258 Abdiam.
1280 3189 1347 3261 As·
1391 3266 1394 3272 ,

329 3318 473 3389 sumitur
502 3313 623 3389 exinde
651 3321 773 3406 postea
805 3333 928 3404 corpus
955 3336 977 3387 a
1003 3316 1141 3391 Juliano
1167 3321 1345 3412 Apostata,
1394 3375 1399 3385 .

330 3453 648 3536 tlotltuulutltunlque
696 3444 797 3518 luisse
837 3447 1057 3541 perhibetur,
1110 3453 1196 3525 datis
1240 3460 1344 3527 vento

329 3580 511 3668 eiulatibus,
547 3578 607 3651 sed
641 3579 771 3669 absque
806 3583 938 3673 capite,
981 3584 1072 3673 quod
1106 3585 1343 3659 Alexandriam

327 3719 407 3787 tutte
435 3712 635 3785 translatum
662 3711 785 3800 luerat,
814 3721 937 3803 postea
956 3717 991 3788 in
1007 3714 1340 3809 Constantinopolim,
