3368 4650
1263 560 1327 629 ὅθ’

274 743 401 837 pidum
429 744 645 823 Palaestinae
672 748 896 839 maritimum,
931 748 988 820 ubi
1017 747 1142 820 Petrus
1171 743 1306 816 viduam

278 882 473 957 Dorcadcm
501 885 688 975 suscitavit,
718 905 782 975 per
802 883 895 956 littus
916 882 1044 955 maris
1072 879 1304 970 Adriatici,

278 1018 437 1090 adoratis
465 1021 555 1111 apud
583 1019 736 1110 Tyrum
765 1025 802 1093 et
828 1019 1030 1092 Sidonem
1058 1015 1204 1088 Domini
1230 1036 1305 1087 oes-

277 1152 388 1241 tiyiis,
425 1152 573 1222 transito
604 1149 774 1225 Libano
807 1157 962 1240 alonte,
998 1157 1182 1242 peragrata
1215 1149 1304 1221 Tri·

277 1282 365 1372 poli
408 1281 493 1351 urbe
527 1283 712 1370 maritima,
753 1285 890 1356 visitata
924 1285 1048 1355 iterum
1083 1281 1300 1372 Damasco,

277 1412 395 1482 onnit
429 1410 658 1500 Emmaus,
695 1415 806 1486 vicum
840 1414 1081 1504 Palaestinae,
1117 1436 1218 1508 quern
1245 1437 1301 1486 ro·

274 1543 370 1613 omni
390 1548 473 1631 post
500 1542 767 1616 destructionem
782 1545 1103 1638 Hierosolymorum
1122 1568 1166 1618 aa
1179 1550 1300 1618 eventu

272 1675 435 1746 victoriae
462 1672 955 1762 Nicopolim-vocaverunt.
1019 1676 1090 1748 Uti
1109 1680 1299 1767 postquam

271 1809 307 1878 in
335 1807 436 1878 domo
452 1805 636 1897 Cleoplaac,
670 1805 707 1875 in
736 1807 911 1881 ecclesiam
938 1812 1091 1896 mutata,
1120 1828 1208 1895 cum,
1237 1808 1300 1900 qui

270 1962 313 2010 a
338 1939 512 2026 fractione
534 1939 643 2031 panis
670 1940 708 2011 in
737 1963 777 2012 ea
806 1941 960 2031 monitus
973 1946 1035 2029 cat,
1064 1939 1227 2012 adoravit
1246 1940 1297 2011 oi·

272 2070 380 2141 ventis
416 2093 531 2162 aquae
563 2072 694 2159 sontem
730 2072 953 2161 desiderans,
983 2072 1071 2143 vidit
1098 2078 1131 2144 el
1156 2070 1295 2164 fontem,

270 2203 331 2295 qui
357 2208 407 2275 ast
443 2204 479 2274 in
513 2204 634 2292 tricia,
671 2227 738 2297 quo
774 2203 934 2278 Christus
967 2205 1102 2295 codem,
1138 2229 1206 2299 quo
1240 2228 1295 2277 re·

267 2336 433 2423 surrcoit,
462 2335 520 2408 die
547 2361 623 2410 mam
652 2338 835 2428 discipulis
850 2337 993 2426 duodus,
1022 2336 1125 2410 Luca
1152 2337 1298 2411 elClco·

261 2467 347 2559 plna,
377 2471 482 2562 quasi
507 2470 557 2540 ad
583 2471 692 2542 alium
719 2469 958 2542 declinaturum
987 2471 1102 2543 vicum
1140 2470 1296 2543 ambulo·

268 2603 323 2671 vit.
380 2600 453 2674 Eat
486 2605 578 2675 enim
605 2602 651 2675 idi
676 2603 771 2692 frans,
801 2602 850 2673 ad
877 2625 977 2694 quem
1007 2602 1181 2693 Clara'stus,
1211 2604 1293 2676 olim

267 2735 302 2805 in
329 2736 433 2806 terris
461 2743 694 2826 conversatus,
724 2759 800 2810 cum
816 2735 1001 2829 discipulis
1015 2735 1147 2807 dicitur
1160 2736 1297 2809 venisse

264 2867 438 2962 pellesque
465 2870 501 2940 in
530 2894 580 2959 eo,
609 2892 744 2944 emenso
771 2869 889 2963 aliquo
918 2870 1050 2960 itincre,
1080 2868 1227 2958 lavisse,
1265 2874 1298 2940 el

265 2999 344 3071 lu‘nc
371 3001 517 3074 candem
545 3027 675 3096 uquam
702 3004 917 3075 diversorum
937 3001 1118 3092 efficacem
1145 3001 1296 3073 medica·

267 3134 396 3205 minum
431 3158 454 3207 a
488 3134 564 3209 Deo
596 3136 731 3223 factam
763 3140 891 3228 (esse),
928 3141 965 3209 ut
998 3141 1119 3231 potata
1155 3133 1296 3227 quidm-

266 3265 344 3338 lidct
370 3268 595 3359 lanquoribus
622 3275 695 3340 tam
703 3269 889 3361 pemdun,
918 3291 1024 3362 quam
1042 3268 1295 3341 hominunm

266 3400 356 3473 lutis
376 3401 546 3488 infundat
572 3403 817 3498 praesentiam.

353 3539 414 3606 14.
452 3535 536 3610 Inde
570 3559 598 3610 s.
635 3536 851 3611 willibaldus
893 3535 997 3610 tertio
1040 3532 1296 3624 Hierosoly·

265 3687 368 3740 mam
402 3670 520 3761 venit,
558 3670 675 3763 ibique
717 3679 826 3744 totam
863 3671 1009 3743 hiemem
1046 3668 1152 3742 stetit
1219 3665 1293 3739 Ncc

269 3804 392 3892 minus,
421 3812 609 3898 peragrata
634 3803 751 3898 Syria,
788 3811 909 3897 qumis
936 3803 1010 3877 vioe
1036 3799 1296 3893 Hierosoly·
