3368 4650
402 527 466 597 ua

398 705 645 794 deoalvatione,
661 703 807 776 minibus
823 723 943 778 eorum
964 704 1103 795 abmds
1126 722 1212 776 aura
1229 702 1417 774 consumtis

399 858 517 912 eorum
545 834 721 927 capitibus,
750 835 854 907 etiam
881 856 983 909 carne
1016 834 1195 908 denudatis
1221 838 1260 906 et
1288 852 1358 905 non
1383 833 1418 905 in

399 976 494 1044 terra
511 967 673 1058 defossis,
702 966 793 1039 idem
820 966 913 1040 loeus
941 964 1118 1042 casanae
1145 965 1334 1062 dicebatur,
1363 966 1417 1040 vel

397 1104 486 1193 ideo,
516 1100 608 1194 qnod
630 1100 663 1171 in
685 1119 727 1172 eo
744 1099 795 1172 rei
815 1099 1089 1193 decalvabantur,
1108 1100 1144 1175 id
1172 1106 1235 1192 est,
1258 1099 1416 1176 damnari

396 1235 562 1311 solebant.
620 1232 713 1304 ldem
740 1252 822 1306 vero
848 1232 956 1324 locus,
985 1236 1043 1327 qui
1071 1241 1107 1308 et
1133 1235 1297 1311 hebraice
1324 1233 1417 1309 Gol-

396 1368 542 1459 gatha,
573 1365 709 1439 eratin
739 1368 846 1442 veteri
873 1389 969 1464 rupe,
997 1370 1086 1443 dent
1111 1377 1148 1444 et
1173 1369 1276 1443 hodie
1293 1369 1414 1464 passim

396 1505 496 1575 extra
522 1499 681 1573 civitates
714 1502 939 1576 eminentiora
973 1502 1053 1587 loca
1079 1503 1246 1596 supplicio
1275 1504 1414 1578 damna·

395 1639 508 1708 torum
534 1639 615 1708 sunt
641 1634 817 1727 deputata.
856 1636 1000 1710 Interim
1020 1637 1100 1710 dum
1120 1637 1156 1710 iu
1181 1635 1303 1710 eadem
1329 1655 1414 1727 rupe

394 1789 457 1861 per
489 1765 684 1841 affixionem
719 1789 800 1842 erun
836 1769 1073 1863 adaptaretur,
1105 1770 1270 1843 Dominus
1297 1773 1413 1842 noster

394 1904 429 1974 in
457 1901 606 1996 quodam
633 1901 720 1993 loco,
750 1904 807 1994 qni
834 1908 915 1976 tuno
943 1904 1144 1995 campestris
1156 1909 1245 1994 erat,
1276 1903 1413 1974 vinetus

394 2036 490 2127 quasi
516 2035 551 2107 in
581 2035 721 2108 carcere
755 2037 975 2125 seruabatur,
1012 2037 1070 2129 qui
1096 2035 1190 2110 locus
1216 2056 1308 2108 nune
1336 2053 1410 2106 mo·

393 2170 474 2244 dum
499 2167 651 2258 capellae
678 2174 915 2261 repraesentat
949 2175 986 2242 et
1018 2168 1129 2242 adhuc
1157 2189 1309 2242 career
1334 2166 1410 2239 Do·

391 2301 493 2376 mini
519 2300 731 2392 appellatur,
768 2307 804 2373 et
831 2308 899 2392 est,
929 2309 1025 2374 reete
1058 2303 1093 2373 in
1127 2301 1284 2395 opposita
1311 2305 1409 2392 parte

392 2433 582 2524 Calvariae,
613 2434 649 2503 in
674 2433 810 2506 sinistra
836 2434 953 2508 absida
980 2434 1151 2508 eeclesiae.
1193 2433 1263 2505 Alii
1292 2437 1408 2505 tamen

308 2539 313 2546 ’
390 2567 492 2638 aliter
535 2565 579 2638 de
623 2565 742 2639 eodem
781 2569 934 2640 sentiunt
973 2566 1064 2656 loeo,
1112 2567 1203 2640 deut
1247 2586 1407 2658 praesens

389 2699 513 2774 audivi.

467 2830 550 2904 Post
575 2832 611 2903 in
639 2831 714 2903 loeo
732 2832 923 2923 calvariae,
952 2831 1051 2905 Pilati
1067 2833 1173 2924 jussu,
1197 2830 1404 2922 judaeorum

387 2964 549 3059 impulsu,
585 2963 765 3038 Dominum
800 2972 951 3038 nostrum
985 2966 1099 3037 tunica
1132 2968 1286 3053 exutum,
1325 2961 1405 3034 felle

387 3105 425 3172 'et
465 3101 567 3171 aeeto
609 3100 767 3188 potatum
800 3098 927 3170 milites
960 3098 1091 3169 romani
1108 3097 1216 3169 meis
1249 3095 1403 3187 patibulo

386 3227 575 3319 affixerunt,
605 3230 640 3299 in
668 3248 750 3320 quo,
786 3229 865 3300 dum
892 3234 1068 3320 pateretur
1100 3229 1218 3320 lesus,
1253 3236 1398 3301 matrem

385 3383 480 3436 suam
499 3360 686 3450 lohannes,
715 3361 840 3433 amicus
866 3382 957 3452 suus,
986 3363 1051 3436 sibi
1079 3361 1348 3436 commendatam
1366 3361 1400 3431 in

387 3516 481 3568 snam
509 3495 642 3586 aceepit
668 3494 864 3585 custodiam,
901 3501 939 3565 ut
972 3497 1070 3586 virgo
1098 3496 1261 3586 virginem
1291 3500 1402 3568 eusto-

384 3627 480 3719 diet,
509 3626 646 3700 dicente
672 3625 758 3702 Jesu
784 3629 882 3700 matri
910 3647 1010 3700 suae:
1044 3626 1188 3719 Mulier,
1217 3648 1293 3701 eoos
1304 3625 1401 3715 filias

381 3762 471 3848 tuus,
501 3758 832 3850 demonstrationem,
861 3768 899 3835 ut
927 3763 1062 3854 quidam
1084 3766 1246 3849 asserunt,
1277 3760 1323 3833 ad
1340 3758 1400 3831 Jo-

1090 4436 1280 4594 Α
