3368 4650
1288 572 1355 641 125

408 761 465 837 Ab
491 761 650 857 aquilone
676 759 803 835 habens
830 760 953 834 ostium
980 781 1084 834 unum
1099 776 1222 833 versus
1241 727 1375 830 claua-⁸

328 909 418 974 tram
445 897 671 986 dominorum,
699 898 734 970 in
762 895 858 990 cujus
877 894 1126 989 superliminari
1154 892 1271 987 plures
1298 889 1354 963 lit·

328 1041 425 1107 terae
457 1031 693 1106 sarracenicae
730 1036 811 1103 sunt
851 1032 1039 1125 appositae.
1105 1027 1239 1102 Ibidem
1270 1044 1354 1100 vero

325 1167 424 1258 jnrta
451 1164 542 1238 idem
569 1165 691 1236 ostium
719 1167 774 1237 eat
801 1165 899 1238 iocus
925 1165 1014 1237 illius
1048 1183 1160 1256 aquae
1196 1157 1352 1241 salubria,

330 1297 374 1369 de
408 1317 476 1389 qua
509 1295 694 1388 propheta:
752 1293 836 1367 Vidi
873 1321 1003 1390 uquam
1044 1295 1272 1390 cyredientcm
1310 1289 1355 1361 dc

330 1427 439 1500 intere
464 1435 531 1499 etc.
589 1426 628 1497 ln
655 1428 799 1500 introitu
827 1431 946 1522 templi
982 1452 1101 1505 nerana
1127 1430 1350 1515 occidentem,

328 1581 432 1651 mpra
459 1559 682 1654 uestibulum,
712 1560 841 1632 Christi
875 1563 988 1653 imago
1024 1570 1091 1652 est,
1125 1563 1218 1634 circa
1250 1580 1353 1653 quam

328 1693 393 1764 hoc
420 1691 614 1764 continetur
641 1693 867 1783 epigramma:
909 1693 1011 1766 Haec
1037 1693 1161 1765 domuc
1186 1715 1264 1764 meo
1290 1691 1352 1763 do

327 1846 406 1896 mua
432 1824 600 1896 orationis
627 1823 812 1896 vocabitur.
851 1826 884 1895 A
920 1825 1061 1898 meridie
1083 1845 1220 1916 quoque
1247 1826 1353 1897 habet

329 1959 450 2030 oefium
479 1977 597 2029 uersus
624 1957 815 2030 aedificium
844 1957 1044 2031 Salomonis.
1089 1957 1144 2030 Ab
1172 1958 1351 2029 occidente

328 2092 432 2164 etiam
477 2089 581 2162 habet
619 2093 745 2164 ostium
793 2111 913 2163 nemus
957 2089 1171 2182 sepulchrum
1200 2089 1349 2181 Domini,

328 2225 386 2296 nbi
429 2229 465 2295 et
503 2229 606 2314 porta
642 2225 814 2316 speciosa,
860 2245 924 2315 per
962 2244 1062 2315 qnam
1091 2222 1232 2313 Petrus,
1275 2245 1351 2296 cnm

328 2357 485 2431 Johanne
524 2356 713 2448 transiens,
757 2358 967 2448 respondens
1011 2356 1152 2449 pauperi
1201 2357 1348 2429 eleemo-

327 2512 442 2582 synam
469 2489 514 2560 ab
542 2489 592 2560 eis
620 2490 770 2577 petenti,
814 2511 891 2562 curn
925 2498 1016 2563 emet
1049 2490 1203 2578 claudus,
1248 2489 1347 2561 dixit:

328 2621 520 2712 druentiam
541 2626 573 2691 et
600 2641 726 2693 aarum
752 2644 822 2692 non
849 2628 899 2693 est
925 2622 1011 2693 mihi
1037 2631 1103 2698 etc.
1141 2621 1346 2695 Utrumlibet

328 2757 466 2826 istorum
495 2753 635 2825 duorum
664 2755 844 2843 ostiorum,
873 2755 1034 2827 videlicet
1064 2755 1108 2825 ab
1134 2754 1289 2846 aquilone
1311 2761 1346 2824 et

327 2888 370 2959 ab
404 2885 600 2973 occidente,
641 2886 746 2959 habet
778 2909 838 2959 aex
873 2889 996 2979 januas
1036 2886 1137 2958 modo
1172 2886 1346 2958 vulvarum

329 3021 542 3112 conjunctam
597 3039 672 3089 nam
719 3019 803 3092 illud
852 3041 969 3092 nemus
1020 3018 1195 3091 meridiem
1246 3019 1350 3090 habet

328 3160 488 3244 quatuor,
528 3151 609 3223 iliud
652 3172 735 3225 vero
777 3151 820 3222 ad
861 3152 1027 3223 orientem
1073 3158 1205 3223 tantum
1254 3151 1347 3224 duaa

327 3283 511 3373 Quodlibet
522 3292 634 3356 autem
647 3286 809 3357 ostiorum
821 3284 999 3376 pulchrum
1013 3282 1117 3356 habet
1131 3284 1345 3357 nestibulum.

408 3415 504 3489 ilaec
532 3417 621 3488 circa
648 3417 841 3490 interiorem
876 3419 1061 3509 parietem;
1096 3416 1157 3488 aed
1185 3416 1219 3487 in
1246 3437 1348 3507 mpe-

327 3548 418 3619 riore
445 3557 543 3639 parte
570 3549 724 3639 ejusdem
752 3550 903 3639 parietia
939 3549 1069 3621 scilicet
1096 3549 1152 3621 ubi
1180 3550 1346 3621 musivum

327 3699 413 3769 opus
441 3683 604 3771 optimum
631 3684 826 3771 appositum
841 3689 907 3771 est,
936 3681 1110 3755 fenestrae
1132 3689 1212 3754 sum
1239 3685 1347 3754 inter·

325 3817 443 3883 sertae
469 3815 528 3903 aie,
557 3814 646 3905 qnod
674 3817 709 3887 in
736 3815 889 3906 quolibet
915 3814 959 3887 de
986 3821 1064 3887 octo
1077 3814 1240 3888 lateribus
1266 3821 1346 3887 aunt
