3368 4650
1267 594 1333 663 lea

306 783 417 859 eundo
451 785 609 859 milliario
637 806 658 858 a
685 781 843 877 Magdala
871 779 1035 855 cinereth
1070 780 1208 869 civitas,
1237 765 1332 869 'quae

307 926 345 992 et
386 918 587 993 Tiberias
632 941 654 992 a
694 919 830 992 Tiberio
878 915 1027 991 Caesare
1077 913 1330 1006 cognominata,

306 1074 406 1144 quam
442 1055 476 1125 iu
506 1054 689 1144 juventute
716 1076 777 1126 sua
802 1052 904 1125 Jesus
937 1050 1156 1143 frequentare
1183 1048 1327 1121 solebat.

305 1184 439 1273 Quarto
470 1186 625 1257 milliaria
646 1207 668 1257 a
686 1185 866 1260 Tiberiade
893 1183 1100 1258 Bethulia
1127 1183 1257 1271 civitas,
1287 1201 1329 1253 ea

306 1337 375 1405 qua
408 1317 548 1406 Judith,
594 1336 682 1406 quae
696 1351 706 1368 ·
720 1337 782 1407 pro
817 1323 922 1406 gente
955 1338 1017 1388 sua
1049 1315 1213 1387 salvanda
1246 1314 1331 1385 satis

304 1454 418 1519 amate
462 1447 608 1539 peremit
655 1446 873 1542 Hnlolemem
916 1450 949 1520 iu
995 1449 1171 1522 obsidione
1224 1448 1328 1520 urbis.

305 1579 439 1669 Quarto
471 1579 628 1650 milliario
656 1598 678 1649 a
703 1577 884 1653 Tiberiade
919 1589 1039 1654 eontm
1071 1582 1248 1653 meridiem
1276 1586 1330 1652 est

306 1710 528 1800 llotlraim,
571 1712 605 1782 iu
646 1730 714 1800 qrro
754 1709 883 1802 Jusepb
924 1712 1048 1786 iratres
1085 1733 1164 1784 suus
1205 1731 1329 1800 gregna

303 1849 482 1936 pascentes
509 1844 651 1933 reperit,
686 1863 786 1933 quem
814 1854 850 1916 et
876 1846 924 1917 ibi
952 1845 1131 1917 ismaelitis
1158 1844 1327 1915 babentes

302 1977 381 2048 adin
416 1974 653 2047 vendiderunt.
710 1975 814 2047 Sexto
849 1976 981 2048 decimu
1015 1976 1173 2047 milliaria
1209 1974 1328 2046 aNa·

300 2109 419 2182 zareth
468 2115 589 2178 contra
631 2109 812 2197 orientem,
860 2129 964 2200 supra
1003 2129 1099 2180 mare
1139 2106 1324 2198 Galilaeae,

301 2242 515 2330 Gergesa,
552 2241 683 2312 viculus
710 2241 781 2330 ille,
817 2242 850 2311 in
880 2261 948 2332 quu
975 2241 1125 2313 salvator
1152 2262 1230 2331 ens,
1267 2241 1325 2331 qui
1372 2218 1375 2225 ¹

301 2374 559 2446 adaemunibus
576 2374 796 2463 vexabantur,
824 2375 963 2447 sanitati
991 2374 1155 2465 restituit,
1186 2396 1228 2445 cx
1257 2395 1324 2465 quo

301 2515 338 2582 et
364 2508 448 2580 mari
473 2526 602 2597 porcos
629 2526 692 2596 per
718 2507 958 2599 praecipitium
985 2508 1144 2598 subjecit.

654 2715 700 2780 27.
731 2714 782 2782 Ad
804 2715 963 2783 lactarem.

384 2906 441 2979 Sic
468 2906 517 2978 sie
544 2905 766 2979 describendo
800 2906 1012 2977 venerabilia
1038 2904 1115 2976 loca
1142 2904 1175 2975 iu
1203 2907 1325 2975 sancta

297 3040 434 3112 ciuitate
467 3039 676 3127 Jerusalem,
719 3039 909 3130 incipienda
945 3038 988 3108 ub
1030 3038 1175 3110 ecclesia
1214 3037 1321 3108 sancti

296 3171 483 3263 sepulchri,
525 3172 761 3244 circumeundo
799 3194 862 3263 per
895 3180 1030 3264 portam
1064 3170 1177 3243 David
1214 3191 1321 3261 usque

296 3304 339 3375 ad
379 3305 522 3377 eandem
555 3305 682 3377 reversi
718 3325 847 3393 sumtus,
883 3306 1001 3397 plures
1039 3304 1231 3376 amittendo
1265 3323 1321 3376 ca·

297 3437 404 3527 pellas
432 3444 468 3510 et
497 3436 677 3509 interiores
705 3438 883 3527 ecclesias,
920 3459 1005 3528 quas
1032 3437 1161 3509 habent
1194 3437 1239 3508 ibi
1268 3437 1320 3508 di·

298 3590 470 3641 versurum
505 3571 682 3642 nationum
720 3581 755 3642 ct
788 3571 978 3661 linguarum
1014 3572 1176 3644 homines.
1234 3570 1321 3642 Sunt

297 3723 441 3793 namque
469 3703 512 3774 ibi
542 3705 665 3793 graeci,
703 3704 844 3794 bulgari,
881 3705 988 3795 latini,
1025 3705 1204 3790 alemanni,
1234 3704 1320 3775 huu-

296 3837 380 3925 gari,
409 3837 505 3926 scoti,
535 3840 680 3927 navarri,
710 3838 869 3929 britanni,
897 3839 997 3929 angli,
1027 3837 1148 3928 lranci,
1171 3837 1318 3927 rutheni,
