3368 4650
1306 575 1371 642 163

348 776 468 830 sersus
495 757 650 827 montem
673 751 767 847 Sion,
796 763 940 831 vocatur
955 755 1251 851 portaierree,
1282 775 1371 850 quoe

338 892 438 966 ultro
466 889 537 965 fuit
561 894 681 984 aperta
707 891 831 982 angelo
860 899 898 966 et
925 894 1039 969 Petro.

428 1026 468 1100 ln
507 1027 665 1119 opposito
701 1028 779 1100 atrii
818 1029 861 1101 de
899 1030 1044 1122 templo,
1083 1029 1217 1102 scilicet
1254 1047 1372 1099 versus

346 1162 617 1252 septentrionem
645 1160 689 1233 ed
716 1169 860 1255 portam,
891 1185 959 1256 qua
985 1165 1055 1236 itur
1067 1163 1110 1235 ad
1127 1162 1252 1234 vallem
1270 1160 1373 1234 losa·

348 1294 444 1385 pbat,
483 1298 539 1367 est
578 1294 760 1367 eeclesia
796 1316 922 1385 magna
959 1299 992 1369 in
1034 1297 1163 1369 honore
1191 1302 1371 1369 sanetae

348 1426 492 1498 Annae
520 1433 724 1515 constructa,
755 1427 788 1498 in
817 1450 884 1520 que
906 1451 970 1520 per
986 1431 1153 1520 picturam
1168 1430 1369 1519 ostenditur,

348 1579 415 1650 qua
442 1558 664 1648 dispositione
693 1566 729 1627 et
757 1559 985 1634 admonitione
1018 1563 1133 1635 divina
1161 1586 1203 1636 ex
1232 1565 1308 1653 ipse
1336 1569 1372 1634 et

347 1691 504 1765 Joaehim
536 1693 582 1762 sit
614 1698 782 1780 concepta
819 1693 921 1765 beata
959 1697 1071 1789 uirgo,
1109 1697 1197 1766 sicut
1233 1695 1266 1765 in
1300 1695 1371 1765 vita

318 1819 470 1898 'omme
497 1823 621 1895 Annae
649 1823 776 1911 largius
804 1829 1030 1916 cognoscitur,
1059 1828 1155 1917 cujus
1183 1825 1308 1899 festum
1337 1826 1370 1898 ia

347 1959 402 2032 die
428 1959 539 2030 sancti
566 1955 685 2029 Jacobi
713 1958 852 2049 majoris
880 1979 955 2029 cum
993 1979 1116 2049 magne
1149 1959 1369 2032 solemnitate

346 2091 472 2165 ibidem
500 2093 709 2166 celebratur:
737 2091 790 2162 eui
818 2112 978 2180 praesens
1005 2092 1152 2164 interlui.
1189 2092 1369 2165 lacedem

346 2225 493 2298 ecclesia
527 2226 636 2296 servit
670 2223 746 2297 Deo
780 2225 959 2314 collegium
993 2227 1299 2298 soractimonialiom
1334 2233 1369 2299 et

345 2359 476 2430 utinam
514 2363 813 2428 sacrosanctarum.
870 2356 909 2428 ln
944 2359 1036 2431 exitu
1069 2360 1225 2453 ejusdem
1262 2359 1369 2433 eccle·

345 2493 433 2577 sine,
469 2488 514 2560 ad
543 2488 697 2560 dextram
725 2510 861 2559 manum
891 2512 956 2561 non
986 2493 1102 2584 longe,
1138 2517 1202 2585 per
1230 2494 1367 2566 dicerti-

346 2623 457 2695 culum
479 2630 532 2694 est
550 2621 773 2712 probatica
799 2622 977 2710 piscina,
999 2646 1097 2714 qurum
1113 2627 1369 2718 temporalesa

347 2756 453 2827 certis
492 2755 646 2826 terminis
686 2752 828 2843 angelus
865 2752 998 2825 Domini
1043 2758 1174 2829 solebat
1216 2781 1366 2832 movere.

347 2888 546 2980 Quicunque
584 2894 697 2959 autem
735 2885 886 2957 infirmus
926 2894 1003 2977 post
1038 2891 1221 2963 motionem
1259 2912 1370 2983 aqrrae

348 3024 442 3113 prior
469 3019 630 3110 intrabat,
660 3040 897 3111 aquacunquc
921 3020 1136 3094 detinebatur
1156 3022 1367 3117 intimuitote,

347 3168 449 3227 sanus
476 3153 589 3227 tiebat.
629 3149 826 3247 llpdplaror
842 3175 970 3244 graece
993 3157 1141 3245 pecoralis
1160 3159 1296 3248 dicitur,
1326 3179 1370 3231 eo

348 3289 437 3380 quod
472 3289 507 3359 in
534 3285 705 3359 sacrificiis
737 3287 816 3359 inde
843 3288 997 3360 solebant
1029 3292 1121 3363 ablui
1157 3300 1236 3364 exta
1271 3314 1370 3384 pecu·

349 3424 445 3511 dum;
474 3427 552 3494 erut
579 3421 701 3512 quippe
729 3422 836 3493 nubea
863 3443 953 3513 aqum
980 3446 1020 3495 cx
1048 3426 1176 3515 bestiis,
1208 3446 1297 3516 quae
1325 3425 1369 3497 ibi

349 3557 611 3629 mandabantur.
667 3555 758 3626 ,tate
794 3556 1004 3644 probaticam
1038 3558 1201 3647 piscinam
1238 3559 1369 3648 langui-

350 3690 427 3762 dum
456 3688 598 3762 sauitati
627 3689 781 3763 restituit
808 3688 920 3777 lesus,
949 3690 1063 3763 dicens
1090 3693 1139 3763 ei:
1172 3691 1263 3763 Tolle
1287 3714 1371 3783 pro·

349 3821 465 3895 hiant
492 3829 591 3895 tuam
617 3827 648 3895 et
676 3820 825 3894 atributa.

1156 3948 1195 4013 ll
1208 3946 1228 3986 ⁸
