3368 4650
1260 578 1325 649 13⁷

301 771 356 849 ubi
384 775 422 847 ot
449 793 494 847 ex
522 774 672 847 nemum
699 769 811 845 otmis
838 769 998 847 sudorem
1014 768 1103 845 indit
1122 767 1220 862 quusi
1248 782 1325 840 sun·

300 910 477 1002 guinenm
523 914 575 999 et,
614 904 658 979 od
694 902 875 999 discipulos
905 926 985 983 snos
1018 925 1177 980 reversus
1210 909 1249 979 ot
1273 902 1325 977 in·

302 1045 440 1120 veniens
467 1064 530 1118 eos
557 1039 778 1134 dormientes,
811 1042 1007 1135 specialiter
1031 1039 1176 1114 Petrum
1211 1040 1323 1111 inere·

301 1180 407 1268 pavit
437 1177 569 1251 dioens:
604 1173 687 1247 Non
706 1175 856 1266 potuisti
880 1199 954 1249 unu
980 1175 1065 1249 doro
1089 1170 1238 1264 vinitore
1256 1171 1324 1246 nto

301 1308 404 1381 osso?
430 1315 467 1383 et
493 1309 570 1382 sliis
597 1306 787 1397 discipulis:
823 1306 982 1383 Domo’te
998 1309 1082 1399 jam
1108 1312 1141 1381 et
1166 1305 1321 1402 requies·

271 1426 364 1514 'nite
389 1448 459 1515 ete
501 1440 559 1512 Sic
588 1441 661 1513 vioe
689 1441 793 1514 tertis
820 1442 854 1514 in
890 1443 1033 1516 eundem
1061 1442 1173 1516 lomm
1200 1442 1247 1516 nb
1273 1440 1324 1517 eis

299 1573 462 1648 seoedens
502 1581 540 1646 et
580 1569 719 1644 eosdem
758 1594 882 1664 preces
907 1576 984 1649 Deo
1010 1577 1100 1669 poni
1126 1576 1321 1668 porrigens,

299 1706 435 1780 undem
463 1704 676 1778 confortatus
702 1712 841 1796 spstre
869 1713 906 1780 et
934 1728 956 1779 s
980 1731 1017 1782 se
1044 1709 1119 1801 ipso
1136 1705 1322 1782 seeundum

300 1838 533 1932 quesnois,
569 1838 672 1910 tertio
705 1857 863 1912 resersus
900 1842 946 1914 sd
980 1839 1177 1933 msdpulos,
1220 1839 1323 1914 dixit:

305 1971 453 2066 Voqilnte
479 1977 514 2044 et
541 1975 646 2044 orote.
676 1968 824 2043 Istorum
853 1973 1001 2046 iocorum
1020 1971 1206 2064 distinctio,
1227 1973 1322 2047 vide·

299 2108 396 2195 lieet,
439 2105 498 2179 ubi
541 2103 694 2196 discipuli
721 2111 973 2197 remanserant,
1008 2113 1044 2180 et
1068 2108 1127 2180 nbi
1154 2106 1322 2182 Dominus

299 2242 469 2330 onomat,
498 2237 729 2311 manifestem
758 2237 849 2310 vnlle
865 2236 1035 2332 Jossphnt
1061 2248 1221 2333 sppnret3
1244 2262 1322 2314 nom

293 2375 392 2466 juxto
416 2372 586 2465 mojorem
613 2370 804 2460 eeclesiam,
839 2371 873 2442 in
902 2393 968 2463 qun
994 2374 1171 2463 sepultum
1196 2375 1320 2450 neme

297 2506 430 2580 diutine
444 2505 596 2596 virginis,
615 2505 659 2577 de
678 2525 745 2596 quo
762 2512 888 2595 postea
905 2506 1064 2598 oieemm,
1085 2505 1200 2581 udhuc
1215 2507 1320 2582 hodie

296 2641 463 2714 indextrs
477 2645 577 2732 perte
597 2638 757 2711 introitus
774 2638 825 2710 sui
844 2646 898 2712 est
911 2640 1042 2733 eunetis
1061 2661 1137 2713 cnm
1157 2661 1317 2731 esseron,

295 2775 411 2868 inquo
438 2772 594 2866 dmeipuli
620 2772 734 2845 tristes
762 2778 797 2845 et
822 2770 1043 2848 dormitantes
1070 2781 1319 2866 remanserunt,

294 2908 437 2981 Domino
472 2915 527 2979 ter
561 2905 735 2979 secedenti
772 2907 815 2977 ob
845 2908 895 2979 eis
922 2911 958 2980 et
984 2908 1108 2982 totiens
1135 2908 1316 2984 redeunte.

295 3041 364 3115 iioc
391 3040 504 3115 odhno
533 3039 656 3113 ibidem
686 3036 813 3112 indicat
838 3040 975 3132 picture
1003 3042 1161 3116 existens.
1203 3041 1317 3117 Lucus

147 3168 149 3171 ’
294 3198 391 3266 vero,
427 3174 485 3248 ubi
522 3172 686 3247 Dominors
719 3175 848 3264 oravit,
886 3174 1111 3250 circumdatus
1144 3183 1198 3250 est
1225 3197 1317 3249 nous

294 3309 449 3399 eocioeis,
479 3328 568 3400 quoe
597 3306 722 3380 dicitur
751 3308 891 3382 omissio
922 3309 1115 3401 salvatoris,
1155 3312 1189 3383 in
1220 3311 1315 3403 cujus

293 3444 486 3533 pauimento
514 3443 666 3515 eminent
694 3448 764 3514 uos
792 3464 859 3514 non
888 3444 1018 3536 operati
1049 3444 1190 3535 lopides,
1221 3449 1314 3514 tsm-

293 3597 392 3668 qmm
425 3576 581 3650 modicae
615 3596 735 3667 rupes:
772 3577 804 3647 in
840 3578 960 3669 quibus
996 3576 1119 3650 dicitnr
1152 3576 1315 3652 Dominus

291 3730 404 3784 orrsse
431 3730 507 3783 com
537 3712 626 3782 trins
651 3708 907 3800 genuflexione,
937 3711 979 3783 sd
1008 3731 1092 3801 quos
1119 3711 1251 3804 lapides
1276 3710 1315 3785 dt

293 3845 465 3918 veneratio
493 3849 531 3918 et
558 3841 706 3917 fidetium
725 3842 855 3918 Christi
876 3845 1004 3919 oblotio
1027 3865 1101 3919 cum
1128 3844 1312 3921 deuotione
