3368 4650
1284 551 1348 622 111

325 748 378 817 tar
404 741 585 818 salvatoris
611 739 745 832 dicitnr,
775 758 818 814 eo
847 737 938 831 quod
965 739 1039 833 ipse
1065 741 1101 813 in
1135 755 1178 812 ea
1203 754 1352 829 concep

326 884 383 952 tm
410 885 448 952 et
475 878 629 952 nutritus
656 873 737 949 init:
765 873 856 949 unde
884 880 920 949 et
947 873 1019 968 ipse
1037 871 1238 948 Nazarenus
1264 891 1351 945 nnn·

325 1021 483 1105 cupatur.
546 1010 722 1086 Nazareth
755 1012 1001 1104 interpretatur
1032 1007 1096 1082 flos
1131 1007 1187 1082 vei
1221 1006 1351 1098 m'rgnl·
1395 979 1400 990 ’

326 1150 411 1233 tum,
441 1165 506 1217 nec
533 1144 606 1217 aine
636 1165 749 1236 cansa,
779 1165 855 1218 cnm
883 1145 918 1215 in
946 1163 988 1215 ea
1013 1141 1077 1216 flos
1104 1149 1201 1216 ortua
1227 1142 1282 1231 sit
1306 1161 1349 1212 ex

326 1276 425 1366 enjus
452 1276 566 1365 gratia
593 1284 648 1349 est
675 1278 828 1369 repletus
854 1274 1014 1349 mundus:
1048 1274 1112 1349 flos
1139 1276 1214 1365 ilie,
1251 1273 1349 1364 virgo

326 1404 450 1498 hieria,
478 1428 521 1480 ex
548 1428 617 1498 qua
645 1406 784 1482 Gabriel
811 1407 1040 1498 archangelus
1068 1408 1102 1481 in
1131 1409 1251 1482 eadem
1280 1406 1350 1480 Na·

325 1538 444 1610 zareth
481 1537 586 1610 hlium
622 1539 773 1611 altimimi
813 1541 1020 1613 naseiturum
1065 1541 1256 1629 nunciavit,
1299 1542 1350 1611 in·

326 1671 461 1763 quiens:
488 1667 566 1741 Aue
593 1666 720 1742 Mario
746 1675 812 1742 ete.
846 1669 910 1742 Cui
938 1680 974 1744 et
1001 1672 1075 1744 illa:
1103 1668 1202 1743 Ecce
1220 1670 1350 1743 ancilla

325 1801 471 1875 Domini
504 1807 570 1881 ete.
617 1800 671 1874 De
705 1799 879 1875 Nazareth
912 1803 1042 1874 dietum
1076 1801 1167 1875 fuit:
1206 1799 1349 1876 ANa-

324 1934 443 2008 tareth
465 1939 578 2026 pateat
605 1932 743 2026 aliquid
769 1932 848 2006 honi
874 1930 975 2006 aare?
1015 1936 1057 2008 In
1090 1933 1266 2008 Nazareth
1298 1935 1348 2007 la·

326 2070 419 2142 bitur
445 2067 522 2141 ions
549 2067 693 2155 exiguus
719 2067 788 2157 ille,
824 2086 867 2138 ex
894 2086 963 2157 quo
998 2068 1033 2141 in
1061 2068 1212 2159 pueritia
1245 2066 1348 2140 Jesus

326 2203 457 2276 solebat
484 2199 622 2272 hannre
648 2220 753 2291 aquas
780 2209 815 2273 et
842 2199 921 2273 inde
935 2200 1126 2275 ministrare
1139 2201 1243 2274 matri
1256 2222 1349 2274 suae.

408 2334 570 2408 Milliario
585 2332 786 2405 aNazareth
814 2340 934 2406 contm
958 2334 1136 2407 meridiem
1164 2340 1218 2406 eet
1245 2333 1348 2424 locus,

325 2471 384 2561 qui
412 2466 644 2560 praecipitium
672 2466 810 2556 dicitm,
840 2487 882 2539 ex
909 2486 976 2558 qno
991 2467 1206 2540 invenientes
1228 2466 1347 2542 Jeanm

327 2601 554 2694 praecipitare
582 2597 772 2688 voluerunt,
800 2599 861 2671 sed
889 2598 932 2670 ah
960 2601 1010 2671 eis
1039 2602 1074 2671 in
1089 2606 1266 2672 momento
1281 2600 1348 2671 dis·

330 2736 456 2826 paruit,
485 2741 521 2805 et
548 2731 650 2820 vulgo
678 2731 800 2804 dicitur
826 2731 929 2804 hodie
957 2731 1095 2804 saltus
1123 2730 1297 2803 Domini.

407 2866 565 2939 &cundo
599 2864 757 2936 milliario
784 2885 806 2937 a
833 2862 1009 2937 Nazareth
1037 2861 1270 2955 Sepphoris
1303 2865 1350 2936 ci·

329 3001 426 3089 ritae,
457 3000 523 3086 ria,
552 3018 641 3089 quae
669 2996 763 3069 ducit
789 2998 918 3068 Areon.
959 2993 1015 3067 Ex
1041 2993 1210 3087 Sepphori
1238 2996 1349 3085 hana,

331 3140 444 3205 mater
470 3129 615 3217 Mariae,
643 3131 762 3201 matria
789 3127 926 3200 Domini
955 3128 1072 3202 nostri.
1114 3129 1153 3201 In
1180 3127 1350 3219 Sepphori

328 3265 431 3335 etiam
459 3265 585 3334 dicitnr
617 3262 718 3334 inisse
749 3270 829 3335 nata
855 3262 957 3334 beata
984 3263 1082 3352 virgo
1110 3260 1241 3348 Maria3
1275 3260 1348 3350 aed,

328 3404 417 3468 teate
444 3394 665 3485 Hieronymo,
694 3402 733 3467 nt
760 3397 807 3466 ait
834 3396 867 3466 in
884 3393 1027 3486 prologo
1039 3395 1217 3477 sermonis,
1247 3414 1349 3484 quem

329 3529 411 3600 tecit
439 3527 483 3599 ad
511 3527 733 3601 Heliodorum
760 3528 804 3600 de
832 3528 1014 3599 nativitate
1040 3536 1181 3601 motae
1203 3525 1347 3615 Mariae,

329 3661 363 3730 in
391 3661 475 3751 ipsa·
491 3660 632 3732 civitate
647 3658 822 3732 Nazareth
850 3666 932 3731 nata
960 3681 1036 3733 esse
1063 3660 1198 3751 dicitur,
1227 3666 1264 3733 et
1277 3661 1351 3752 qui·

327 3791 405 3863 dem
439 3794 474 3863 in
509 3792 630 3863 eodem
665 3792 837 3881 cubiculo,
872 3792 931 3864 uhi
966 3800 1002 3863 et
1036 3792 1252 3884 postmodum
1285 3794 1350 3867 im·
