3368 4650
1249 582 1293 649 65

269 774 430 868 scriptor,
459 769 509 847 ad
534 793 602 846 sua
627 792 736 866 usqite
763 775 918 864 tempora
938 771 1155 867 perdurasse
1191 770 1225 841 et
1257 785 1296 838 se

270 910 346 984 suis
382 907 539 1004 panno
585 906 696 982 anulis
736 908 964 1001 oonspme.
1031 903 1140 978 Hanc
1180 906 1296 976 autem

269 1051 422 1119 aduam
450 1042 584 1119 Gluristi
608 1042 895 1118 sceleratissimus
920 1041 1091 1115 Julianus
1118 1042 1293 1131 apostata,

270 1185 308 1250 ut
333 1181 373 1253 in
398 1179 579 1271 tripartita
605 1178 732 1270 leoitnr
757 1176 913 1267 historia,
942 1175 1101 1267 deposui
1134 1177 1167 1245 et
1192 1191 1296 1245 suam

271 1313 342 1386 taoo
375 1313 472 1385 illius
504 1311 640 1385 lomoit.
702 1307 793 1399 Sed,
826 1307 905 1382 Dea
938 1313 1072 1380 tantum
1098 1305 1213 1380 scelus
1247 1302 1297 1376 ad

264 1445 656 1537 praemodicum,
686 1438 961 1513 eaaonJutiam·
986 1445 1105 1511 statua
1130 1437 1295 1526 fulminis

270 1579 339 1646 idn
365 1574 545 1660 dividitur,
575 1572 701 1661 capitis
728 1593 806 1642 oum
833 1572 964 1643 cervice
984 1591 1077 1658 pars
1090 1591 1163 1640 una
1179 1575 1296 1640 terrae

269 1703 435 1794 infioitur,
464 1702 576 1773 altera
603 1701 641 1769 in
668 1700 741 1772 tooo
759 1701 907 1773 haerens
919 1698 1082 1790 fulminis
1096 1698 1295 1770 incendium

269 1840 434 1918 testatur;
460 1837 612 1904 statuam
639 1852 720 1901 aero
746 1831 933 1902 salvatoris
954 1828 1092 1918 paqoni
1118 1829 1295 1921 confrequ-

270 1970 361 2052 runt,
389 1961 572 2035 christiani
598 1968 714 2034 autem
741 1961 936 2051 collioentas
962 1962 1000 2032 in
1028 1960 1172 2034 entem
1200 1963 1295 2035 laca-

269 2100 400 2167 verunt.

352 2231 414 2299 10.
443 2225 598 2316 Digressi
627 2227 705 2299 inde
732 2225 906 2300 Jordanis
935 2227 1069 2317 fluenta
1103 2226 1288 2319 sequenda,

270 2366 435 2432 venerunt
467 2359 509 2431 ad
545 2359 639 2431 illum
673 2359 835 2431 Jordanis
863 2360 988 2451 lacum,
1025 2360 1083 2432 mi
1115 2358 1292 2433 Dominus

268 2515 381 2584 aquus
407 2491 538 2564 diluvio
565 2492 646 2563 olim
667 2492 825 2584 pollutas
850 2513 913 2565 suo
933 2493 1137 2585 baptismate
1164 2494 1291 2565 lavans

266 2625 457 2696 mundavit.
513 2626 562 2698 lbi
603 2625 738 2697 salubri
778 2624 910 2717 liquore
938 2626 1081 2717 perfusi
1122 2634 1290 2700 venerunt

268 2756 469 2849 Galgala,
498 2759 556 2831 ubi
584 2757 642 2829 filii
670 2757 777 2830 Israel
805 2757 957 2831 sublatos
984 2759 1028 2830 de
1055 2758 1207 2831 Jordane
1224 2758 1289 2832 x11

267 2891 398 2982 lapides
424 2893 458 2962 in
486 2891 717 2963 testimonium
745 2891 1049 2980 transmigrationis
1075 2911 1158 2963 suae
1186 2912 1288 2983 posu·

266 3033 377 3096 erunt.
434 3023 517 3097 inde
545 3031 720 3116 permeata
746 3023 769 3094 J
777 3024 946 3115 ericho,
975 3022 1033 3095 uli
1059 3021 1286 3095 Jordanisin

266 3180 363 3230 mare
388 3155 568 3229 Mortuum
603 3179 725 3229 nomen
759 3179 836 3229 aum
870 3179 974 3230 cursu
1009 3157 1204 3229 amissurus
1231 3157 1286 3228 in·

264 3289 361 3378 fluit,
406 3292 544 3363 visitato
586 3291 687 3363 stium
727 3313 754 3364 s.
792 3290 969 3364 Eustachii
1011 3293 1218 3362 monasterio
1253 3292 1287 3361 in

266 3425 447 3497 medietate
481 3423 620 3496 iericho
655 3433 690 3497 et
722 3422 913 3497 Jemmstem
941 3427 1026 3511 sito,
1062 3425 1121 3494 oia
1148 3444 1287 3513 asspec-

265 3563 373 3630 tatam
414 3558 648 3648 ingrediuntur
689 3557 1043 3648 Hierosolymam.
1097 3554 1167 3628 Cui
1204 3561 1289 3626 tuna

265 3689 336 3763 looo
374 3691 621 3763 miraculorum
661 3690 716 3762 vel
762 3691 915 3778 alimujus
960 3711 1102 3781 operum
1142 3686 1289 3761 Domini

266 3825 399 3898 consata
426 3824 481 3895 vir
506 3823 577 3896 Dei
602 3821 828 3898 Willibaldns
854 3824 972 3896 oscula
998 3845 1067 3894 non
1087 3817 1288 3914 impressit?

1071 3944 1093 4008 5
