3368 4650
387 517 431 586 82

388 702 426 771 et
452 718 529 769 eam
555 692 678 767 tollere
706 692 926 784 conabantur,
954 689 1097 765 retentis
1122 690 1278 780 brachiis,
1309 692 1407 782 quasi

386 827 549 919 glutinati
581 823 804 897 inhaerebant
836 825 870 896 in
898 824 1046 912 feretro,
1084 828 1121 896 ct
1153 842 1222 893 nou
1249 828 1408 912 poteraut

384 983 422 1036 se
450 978 606 1047 movere,
641 962 823 1046 antequam
855 955 922 1028 Dei
956 957 1070 1045 gratia
1103 962 1141 1027 et
1174 955 1405 1044 apostolomm

385 1095 549 1189 petitione
576 1093 701 1163 iterum
721 1089 862 1163 resoluti
889 1087 1035 1178 fuerant,
1065 1094 1102 1163 et
1129 1081 1212 1162 lunc
1239 1111 1298 1163 eos
1326 1092 1406 1164 reli·

384 1230 545 1318 querunt.
584 1222 710 1295 Sancta
723 1220 833 1295 Maria
858 1224 892 1293 in
921 1223 979 1294 illo
1007 1222 1086 1295 loco
1115 1224 1149 1295 in
1177 1225 1405 1300 mediolcru·

382 1359 488 1431 salem
523 1357 627 1429 exivit
659 1356 702 1428 de
739 1358 896 1446 saeculo,
939 1359 997 1449 qui
1030 1358 1223 1432 nominatur
1255 1366 1403 1432 sancta

384 1489 496 1565 Sion.
537 1489 585 1564 Et
612 1496 691 1562 tnnc
718 1491 864 1580 apostoli
892 1492 1046 1564 undecim
1063 1499 1289 1586 portaverunt
1299 1494 1402 1584 illam,

244 1614 249 1622 ’
382 1625 471 1698 sicut
498 1625 590 1716 prins
617 1624 694 1714 dixi,
724 1630 761 1696 et
787 1632 867 1697 tuuc
895 1626 1007 1716 augeli
1041 1627 1219 1698 venientes
1247 1628 1402 1700 tulerunt

383 1759 475 1830 illam
509 1759 553 1831 de
586 1758 740 1830 manibus
770 1760 1003 1849 apostolorum
1040 1763 1076 1830 et
1109 1764 1337 1846 portaverunt
1364 1761 1400 1831 in

381 1891 585 1982 paradisum.

379 2231 463 2298 XXI.
497 2229 602 2297 Vallia
617 2228 785 2311 iosaphat,
808 2229 940 2295 ecclesia
957 2235 988 2293 ot
1005 2226 1208 2311 sepulchrum
1222 2247 1250 2295 a.
1267 2229 1397 2310 llariao,

380 2335 528 2413 conluta,
560 2335 616 2401 nbt
647 2335 799 2400 Dominus
827 2334 955 2412 oravit,
986 2331 1121 2398 ccclesia
1143 2335 1341 2402 aaronrloule
1364 2338 1396 2403 lu

760 2441 865 2506 monta
892 2438 1021 2505 Olivetl.

422 2681 424 2686 ’
457 2682 507 2755 Et
531 2681 612 2755 inde
640 2682 848 2756 descendens
875 2682 1053 2773 episcopus
1070 2680 1394 2759 Willibaldnsvenit

377 2815 421 2887 ad
449 2817 609 2890 vallem
636 2815 850 2903 Josaphat.
896 2813 960 2885 llla
986 2819 1055 2885 stat
1077 2815 1177 2905 juxta
1203 2814 1394 2890 Jerusalem

377 2949 550 3021 civitatem
580 2949 615 3019 in
642 2948 796 3020 orientali
823 2948 936 3036 plaga.
992 2947 1040 3018 Et
1067 2950 1101 3017 in
1140 2947 1199 3019 illa
1227 2950 1316 3023 valle
1344 2961 1396 3023 est

377 3082 559 3154 ecclesia
599 3087 772 3151 sanctae
810 3079 991 3170 Mariae,
1034 3085 1071 3150 et
1107 3080 1140 3150 in
1170 3083 1315 3156 ecclesia
1343 3094 1396 3157 est

374 3212 650 3304 sepulchrum
678 3213 768 3303 ejus
801 3233 867 3284 non
895 3213 938 3284 de
966 3233 1019 3302 eo,
1050 3212 1141 3302 quod
1170 3233 1294 3306 corpus
1321 3218 1396 3309 ejus

374 3345 420 3418 ibi
447 3345 653 3435 requiescat,
693 3345 753 3417 sed
793 3345 837 3416 ad
875 3347 1074 3417 memmium
1113 3347 1196 3437 ejus.
1260 3347 1309 3421 Et
1349 3352 1393 3423 ibi

373 3478 645 3550 orausascendit
677 3478 711 3548 iu
747 3482 927 3549 montem
956 3474 1137 3568 Oliveti,
1175 3481 1232 3569 qui
1268 3492 1320 3555 est
1346 3485 1392 3555 ibi

369 3610 466 3703 juxta
509 3610 633 3684 vallem
671 3611 705 3680 in
745 3610 902 3706 orientali
943 3612 1056 3701 plaga.
1105 3612 1169 3685 llla
1204 3615 1300 3686 vallis
1342 3626 1393 3689 est

372 3743 461 3816 inter
486 3743 678 3817 Jerusalem
706 3750 741 3816 et
766 3749 914 3815 montem
943 3740 1079 3818 Oliveti.
1137 3745 1187 3817 Et
1212 3747 1246 3818 in
1273 3754 1390 3823 monte
