3368 4650
331 504 397 572 250

331 706 407 759 cum
440 702 565 777 uxore,
607 685 745 761 veniens
777 689 821 762 de
854 685 1046 776 chaldaea,
1088 685 1246 760 transivit
1282 704 1348 777 per

330 816 419 888 hanc
447 815 546 889 viam.
604 818 696 894 Loth
723 843 798 896 cnm
824 842 949 912 uxore,
989 817 1128 892 veniens
1155 817 1198 891 de
1232 821 1346 892 hans·

330 947 513 1042 montanh,
546 953 582 1026 in
608 953 672 1028 hac
697 956 754 1029 via
778 956 974 1030 ambulavit.
1015 951 1127 1027 Jacob
1152 949 1347 1044 patriarcha

331 1102 407 1154 cum
424 1081 555 1160 Rachel
582 1110 689 1163 uxore
716 1089 853 1181 saepius
879 1087 1008 1162 ibidem
1033 1086 1201 1160 hansivit
1236 1081 1347 1157 Beata

330 1214 428 1304 virgo
455 1215 569 1291 Mania
595 1226 784 1311 praegnata
808 1221 969 1295 hincinde
996 1240 1062 1313 per
1086 1218 1227 1294 eandem
1254 1218 1347 1291 viam

330 1346 461 1418 meavit
485 1353 523 1420 et
549 1350 693 1440 fatigata
718 1354 899 1443 requievit
938 1352 1026 1426 Item
1051 1357 1123 1426 tres
1149 1371 1262 1443 reges,
1290 1371 1347 1426 re·

331 1477 506 1568 quirentes
540 1502 687 1572 puerum
712 1482 847 1576 Jesum,
876 1485 1004 1560 ibidem
1030 1485 1197 1559 abierunt.
1260 1483 1347 1556 Item

330 1609 438 1684 isaias
477 1618 513 1686 et
537 1611 636 1687 Elias
669 1618 705 1686 et
736 1615 854 1706 plnres
887 1618 999 1691 sancti
1031 1618 1238 1710 prophetae,
1266 1636 1346 1709 per·

330 1751 452 1836 gentes
498 1745 534 1817 in
579 1749 729 1818 sancum
772 1748 964 1843 civitatem,
1014 1769 1079 1839 per
1117 1749 1209 1820 illam
1256 1749 1347 1820 viam

329 1875 547 1949 transiemnt
603 1874 690 1951 Item
717 1879 816 1951 beata
841 1881 953 1972 virgo,
982 1881 1056 1952 iens
1084 1884 1120 1950 et
1144 1878 1281 1952 rediens
1308 1879 1345 1951 in

330 2009 525 2098 Aegyptum
560 2013 597 2079 et
628 2010 673 2082 ab
704 2010 882 2102 Aegypto,
924 2032 991 2104 per
1022 2010 1109 2081 hana
1142 2009 1231 2081 viam
1268 2029 1355 2081 eum

329 2138 464 2230 Joseph
491 2140 643 2211 secessit.

409 2268 526 2360 Prope
559 2269 761 2344 Bethlehem
799 2270 844 2343 ad
873 2273 1007 2364 jactum
1043 2272 1181 2363 lapidis,
1222 2290 1343 2343 versus

329 2405 493 2492 austrum,
516 2401 582 2474 fuit
602 2403 800 2493 ecelesia,
827 2384 952 2496 inqua
972 2402 1106 2476 Paula
1132 2407 1174 2475 et
1191 2401 1346 2474 Eusto-

329 2534 466 2609 chium
494 2540 574 2607 sunt
600 2535 807 2626 sepultae.
848 2535 900 2608 Et
927 2535 1048 2609 eadem
1075 2535 1265 2608 ecclesia
1291 2538 1345 2608 est

330 2667 446 2740 beati
480 2666 671 2757 Nicolai,
710 2668 810 2740 etin
845 2667 970 2740 ecdem
1006 2668 1082 2739 loco
1116 2665 1227 2738 Mania
1264 2686 1344 2756 per·

328 2799 454 2871 mansit
480 2821 558 2872 cum
584 2821 695 2891 puero
723 2805 758 2872 et
775 2798 911 2889 Joseph
938 2799 1051 2891 prima
1075 2798 1237 2887 inuncta,
1267 2817 1343 2869 cum

329 2931 417 3021 fugit
444 2934 478 3004 in
494 2933 701 3024 Aegyptum.
742 2929 833 3004 Nota
861 2929 905 3003 de
934 2931 1058 3002 emisso
1086 2931 1175 3001 lacte
1202 2928 1339 3000 ibidem.

331 3064 418 3134 Item
444 3064 534 3136 inter
559 3064 751 3137 Jerusalem
777 3068 813 3136 et
837 3061 1044 3135 Bethlehem
1078 3065 1132 3133 est
1159 3061 1214 3132 via
1239 3059 1343 3129 trium

330 3194 502 3266 horarum.
558 3197 644 3268 Item
680 3216 702 3266 a
733 3193 935 3268 Bethlehem
978 3213 1081 3263 unum
1123 3191 1275 3283 quantale
1308 3191 1342 3261 in

330 3326 420 3397 valle
448 3347 567 3399 versus
593 3346 687 3398 mare
713 3324 890 3397 Mortuum
923 3323 991 3397 luit
1021 3324 1200 3414 pulchrum
1225 3320 1342 3394 aedifi-

330 3459 417 3529 cium
445 3477 520 3529 cum
548 3456 749 3548 ecclesia,
779 3457 871 3549 quod
897 3457 950 3529 ad
977 3461 1178 3547 pastores
1205 3453 1339 3527 dicitur.

329 3587 418 3661 Nam
446 3589 568 3661 eodem
594 3590 630 3660 in
657 3590 735 3661 loco
761 3590 904 3679 angelus
937 3587 1114 3660 nunciavit
1145 3583 1341 3676 pastoribus

329 3720 501 3811 gaudium,
518 3721 633 3794 dicens
647 3721 705 3810 eis,
727 3725 765 3792 ut
776 3720 963 3794 transirent
973 3718 1175 3790 Bethlehem
1195 3716 1341 3786 adorare

1044 4526 1067 4587 j
1187 4428 1226 4588 x
