3368 4650
410 556 475 625 178

407 732 568 810 credendi
592 732 649 804 ria
667 729 763 801 dicta
780 736 842 804 est.
877 730 947 802 ilex
966 729 1142 821 praedicta
1160 747 1202 799 ex
1217 731 1296 799 tuna
1317 748 1426 819 nsque

405 867 451 939 ad
477 870 613 953 tempus
640 861 824 933 Theodosii
859 861 1088 955 imperatoris,
1128 863 1273 932 testante
1301 858 1444 940 Hiero,

406 1018 519 1089 nymo,
548 1017 644 1068 suum
672 1015 749 1067 asse
777 994 948 1082 dilatavit,
987 998 1024 1065 et
1057 1014 1101 1065 ex
1128 992 1188 1064 iila
1212 991 1296 1066 haee
1321 991 1425 1067 fuisse

405 1129 612 1223 perhibetur,
641 1127 793 1218 quaein
820 1127 995 1218 praesenti
1023 1127 1066 1199 ab
1094 1126 1163 1199 illie
1189 1126 1425 1218 praesentibus

406 1262 540 1335 videtur
566 1267 602 1333 et
628 1282 710 1332 rara
737 1266 883 1333 tenetur.
940 1260 1044 1333 Licet
1070 1260 1184 1351 arida,
1217 1260 1425 1335 medicabilis

404 1401 517 1467 tamen
559 1414 631 1466 esse
673 1393 841 1483 probatur
877 1394 910 1465 in
936 1369 1027 1485 ¹iroa,
1064 1394 1174 1486 quod,
1211 1395 1240 1467 si
1271 1395 1424 1487 equitans

300 1567 312 1580 ·
404 1527 480 1618 quis
508 1525 551 1598 de
578 1547 620 1598 ea
647 1527 811 1618 quamdiu
838 1548 952 1600 secum
973 1528 1147 1620 detulerit,
1176 1529 1298 1601 animal
1324 1551 1421 1602 sunm

404 1681 471 1733 non
499 1659 693 1733 infunditur.
737 1662 780 1732 In
807 1661 951 1734 Hebron
978 1663 1089 1754 primo
1117 1658 1347 1754 applicuerunt
1373 1685 1421 1752 se,

405 1816 512 1868 rausa
539 1794 769 1886 explorandae
809 1801 924 1866 terrae
960 1796 1208 1886 promissione,
1240 1793 1346 1868 Josue
1385 1801 1423 1866 et

404 1926 537 2016 Caiepb
565 1933 744 2000 eteorum
773 1928 853 2001 socii
881 1926 1010 2001 decem.
1061 1928 1101 1999 In
1130 1927 1270 2001 Hebron
1298 1948 1422 2017 regna-

402 2060 453 2131 vit
479 2059 591 2130 David
617 2060 715 2130 annis
741 2067 876 2150 septem
904 2067 941 2131 at
969 2059 1118 2131 dimidio.

402 2299 452 2367 22.
496 2299 598 2367 Laeua
621 2301 836 2384 Asphaltites,
861 2303 960 2387 segor
984 2302 1187 2390 (Palmaria),
1211 2300 1349 2367 bitumen
1371 2298 1419 2381 ju·

492 2404 632 2486 datoum,
662 2406 820 2474 Karnaiur
842 2411 1013 2490 spelunea,
1043 2409 1183 2491 Arabia,
1212 2423 1298 2474 mous
1321 2405 1420 2484 sinai,

490 2512 601 2595 Halia,
624 2516 749 2581 montes
772 2514 875 2582 Horeb
897 2516 931 2581 at
954 2514 1099 2596 abarim,
1123 2515 1280 2583 Idumaea
1417 2586 1421 2596 ,

482 2712 622 2785 Decimo
655 2713 811 2785 milliario
847 2715 891 2786 ab
928 2714 1071 2787 Hebron
1105 2717 1222 2788 lacus
1248 2709 1419 2802 Asphal-

404 2846 510 2918 tites
543 2852 661 2918 contra
701 2846 887 2936 orientem,
935 2848 991 2937 qui
1035 2854 1072 2920 et
1112 2867 1206 2919 mare
1245 2843 1418 2914 Mortuum

385 2977 543 3067 dicitur,
577 2999 660 3052 vere
687 2985 875 3069 mortuum,
914 2981 996 3070 quia
1030 2979 1113 3050 nihil
1143 2981 1254 3051 vivum
1289 2974 1419 3066 recipit,

404 3116 440 3183 et
479 3131 573 3183 mare
615 3111 759 3202 diaboli,
814 3112 904 3203 quod
949 3112 1106 3183 instinctu
1155 3113 1229 3205 ejus
1274 3115 1421 3199 quatuor

405 3242 483 3313 iliae
510 3241 664 3313 civitates
692 3245 918 3339 miserrimae,
947 3242 1113 3333 Sodoma,
1150 3241 1331 3332 Gomorra,
1360 3240 1422 3312 Se-

405 3373 498 3446 boim
533 3379 568 3445 at
600 3373 754 3468 Aduma,
794 3382 1051 3467 perseverantes
1085 3377 1120 3446 in
1154 3376 1321 3468 turpidine
1349 3395 1422 3464 sua,

407 3506 486 3596 igne
513 3507 695 3599 sulphureo
730 3509 984 3599 concrematae,
1024 3510 1058 3580 in
1087 3510 1196 3581 laeum
1224 3510 1316 3580 ilium
1343 3507 1423 3579 sub·

406 3661 527 3712 versae
553 3647 640 3716 sunt.

490 3771 598 3863 Supra
617 3773 729 3845 larum
760 3776 794 3846 in
815 3775 970 3849 accubitu
991 3775 1147 3849 dudaeae
1164 3775 1307 3865 Segor,
1337 3795 1424 3866 quoae

1135 4458 1323 4610 Λ
