3368 4650
338 515 380 581 76

327 695 507 786 plebesque
533 691 720 780 suffraqio,
756 695 985 785 episcopalem
1020 693 1293 767 benedictionem
1319 703 1356 768 et

335 823 551 897 eihstatensis
587 822 751 896 ecclesiae
785 825 980 896 cathedram
1015 823 1181 914 suscepit,
1211 826 1355 917 quadra·

332 957 495 1048 gesimum
523 955 669 1049 primam
697 955 821 1025 aetatis
848 975 972 1027 annum
1000 963 1082 1028 tunc
1108 975 1224 1045 agens.
1265 955 1354 1030 Cura

333 1092 440 1180 igitur
482 1086 662 1181 episcopali
704 1093 878 1180 suscepta,
921 1110 991 1160 aaa
1032 1086 1150 1160 habuit
1188 1091 1351 1182 requiem,

333 1221 471 1295 vertam
484 1218 554 1291 Dei
580 1220 638 1291 die
664 1243 708 1293 ac
734 1224 831 1292 macta
841 1221 1065 1310 praedicare,
1093 1220 1232 1295 desides
1239 1225 1353 1315 qemtis

332 1355 428 1427 ittias
467 1353 600 1426 animoa
638 1358 671 1424 et
690 1375 824 1443 parum
866 1352 910 1426 de
949 1353 1070 1445 futura
1110 1353 1272 1429 saltamas
1303 1357 1353 1428 ad

331 1510 428 1581 spem
454 1487 646 1561 caelestium
672 1488 818 1579 eriqcrc,
857 1461 1016 1578 sepositis
1049 1487 1208 1561 iuamium
1234 1512 1352 1563 rerum

332 1623 436 1714 curis,
467 1627 608 1695 aeterua
635 1643 811 1713 quaerere.
855 1619 909 1693 Et
935 1646 979 1697 mc
998 1644 1133 1715 parum
1154 1622 1240 1711 fidei
1266 1623 1353 1696 cala-

328 1779 395 1829 aas
419 1755 609 1848 proficeret,
638 1755 731 1847 quad
745 1754 845 1828 acrba
851 1754 1049 1846 plantabat,
1078 1755 1162 1845 uita,
1191 1756 1349 1829 doctriua

329 1911 479 1962 cansaraa
507 1888 652 1978 riqabat.
709 1889 788 1962 Nec
814 1889 964 1982 tanqum,
992 1889 1096 1962 rudis
1116 1889 1350 1982 squalentium

331 2023 486 2095 cordium
517 2043 661 2112 campus
694 2024 744 2096 ita
778 2022 967 2112 eaaaqetici
999 2023 1125 2113 tiqomis
1152 2023 1349 2096 exercitium

329 2155 501 2243 audierat,
530 2160 568 2226 ut
595 2156 719 2245 igmaro
745 2154 882 2242 fructas
909 2178 1005 2245 aqra,
1035 2157 1224 2246 exstirpata
1250 2178 1344 2227 erra·

328 2308 408 2357 ram
440 2286 584 2375 frutice,
617 2306 713 2374 seqes
745 2286 940 2358 rubicumata
974 2288 1147 2382 (abunda)
1181 2293 1213 2360 et
1245 2288 1347 2361 eimau

329 2416 399 2489 Dei
426 2416 576 2490 Sabaoth
603 2418 779 2490 videretur
805 2419 1011 2491 surrexisse.

415 2555 472 2623 19.
507 2548 697 2641 Postquam
723 2551 833 2641 iqitar
860 2549 1095 2642 episcopatum
1114 2573 1215 2624 suum
1241 2573 1350 2624 sanae

328 2683 494 2756 institutis
522 2684 613 2755 citae
633 2705 703 2773 per
729 2688 859 2773 septam
880 2705 992 2756 aumas
1009 2683 1211 2773 diqrrissime
1239 2684 1348 2772 infar-

328 2817 445 2905 maait,
474 2814 619 2888 dissolui
646 2822 678 2887 et
705 2836 779 2888 esse
806 2836 883 2887 cum
900 2812 1036 2887 Christo
1063 2816 1214 2909 cupiens,
1243 2816 1348 2909 spiri·

328 2953 401 3020 tum
432 2949 601 3022 amadiwri
633 2948 808 3035 reddidit,
843 2947 1000 3042 sepultas
1032 2946 1071 3018 im
1099 2947 1240 3020 malacia
1247 3002 1259 3037 ,
1293 2948 1350 3020 cui

329 3081 498 3174 praefuit.
557 3079 688 3168 Quanti
727 3103 820 3152 marra
859 3079 959 3174 apud
985 3077 1101 3152 Deam
1140 3082 1186 3152 sit
1218 3081 1348 3182 meriti,

331 3216 476 3285 testatur
502 3236 628 3286 acrama
648 3213 822 3302 justitiae,
851 3234 957 3303 quam
976 3214 1147 3285 miracuta
1175 3212 1273 3307 apud
1299 3235 1350 3285 se·

326 3344 510 3435 quieturam
538 3346 615 3434 ejus
642 3345 883 3416 corruscantia
897 3349 1156 3418 testantureum
1175 3346 1349 3442 recipisse.

757 3639 918 3654 m
