<?xml version="1.0" encoding="UTF-8"?>
<!DOCTYPE html PUBLIC "-//W3C//DTD XHTML 1.0 Transitional//EN"
    "http://www.w3.org/TR/xhtml1/DTD/xhtml1-transitional.dtd">
<html xmlns="http://www.w3.org/1999/xhtml" xml:lang="en" lang="en">
 <head>
  <title>
</title>
<meta http-equiv="Content-Type" content="text/html;charset=utf-8" />
  <meta name='ocr-system' content='tesseract 3.04.00' />
  <meta name='ocr-capabilities' content='ocr_page ocr_carea ocr_par ocr_line ocrx_word'/>
</head>
<body>
  <div class='ocr_page' id='page_1' title='image "./descriptioneste00toblgoog_0123.png"; bbox 0 0 3368 4650; ppageno 0'>
   <div class='ocr_carea' id='block_1_1' title="bbox 332 509 1351 783">
    <p class='ocr_par' dir='ltr' id='par_1_1' title="bbox 332 509 1351 783">
     <span class='ocr_line' id='line_1_1' title="bbox 334 509 399 580; baseline 0.031 -2"><span class='ocrx_word' id='word_1_1' title='bbox 334 509 399 580; x_wconf 86' lang='lat'><strong>112</strong></span> 
     </span>
     <span class='ocr_line' id='line_1_2' title="bbox 332 684 1351 783; baseline -0.003 -20"><span class='ocrx_word' id='word_1_2' title='bbox 332 692 519 783; x_wconf 75' lang='lat' dir='ltr'><strong>praegnata</strong></span> <span class='ocrx_word' id='word_1_3' title='bbox 553 685 616 759; x_wconf 86' lang='lat' dir='ltr'><strong>init</strong></span> <span class='ocrx_word' id='word_1_4' title='bbox 650 686 803 777; x_wconf 80' lang='lat' dir='ltr'><strong>angelico</strong></span> <span class='ocrx_word' id='word_1_5' title='bbox 830 687 990 778; x_wconf 86' lang='lat' dir='ltr'><strong>alloquio.</strong></span> <span class='ocrx_word' id='word_1_6' title='bbox 1048 684 1124 758; x_wconf 89' lang='lat' dir='ltr'><strong>Hoc</strong></span> <span class='ocrx_word' id='word_1_7' title='bbox 1151 685 1262 758; x_wconf 89' lang='lat' dir='ltr'><strong>adhuc</strong></span> <span class='ocrx_word' id='word_1_8' title='bbox 1289 688 1351 760; x_wconf 91' lang='lat' dir='ltr'><strong>ibi·</strong></span> 
     </span>
    </p>
   </div>
   <div class='ocr_carea' id='block_1_2' title="bbox 234 817 1351 909">
    <p class='ocr_par' dir='ltr' id='par_1_2' title="bbox 234 817 1351 909">
     <span class='ocr_line' id='line_1_3' title="bbox 234 817 1351 909; baseline -0.002 -16"><span class='ocrx_word' id='word_1_9' title='bbox 234 819 247 832; x_wconf 77' lang='grc'><em>”</em></span> <span class='ocrx_word' id='word_1_10' title='bbox 332 823 411 893; x_wconf 88' lang='lat' dir='ltr'><strong>dem</strong></span> <span class='ocrx_word' id='word_1_11' title='bbox 438 817 628 894; x_wconf 84' lang='lat' dir='ltr'><strong>ostenditur</strong></span> <span class='ocrx_word' id='word_1_12' title='bbox 655 821 688 891; x_wconf 92' lang='lat' dir='ltr'><strong>in</strong></span> <span class='ocrx_word' id='word_1_13' title='bbox 716 820 794 891; x_wconf 94' lang='lat' dir='ltr'><strong>loco</strong></span> <span class='ocrx_word' id='word_1_14' title='bbox 822 819 995 908; x_wconf 86' lang='lat' dir='ltr'><strong>distincto,</strong></span> <span class='ocrx_word' id='word_1_15' title='bbox 1024 825 1062 892; x_wconf 86' lang='lat' dir='ltr'><strong>ut</strong></span> <span class='ocrx_word' id='word_1_16' title='bbox 1089 837 1253 909; x_wconf 79' lang='lat' dir='ltr'><strong>praesens</strong></span> <span class='ocrx_word' id='word_1_17' title='bbox 1281 819 1351 891; x_wconf 84' lang='lat' dir='ltr'><strong>ridi</strong></span> 
     </span>
    </p>
   </div>
   <div class='ocr_carea' id='block_1_3' title="bbox 240 950 1372 3816">
    <p class='ocr_par' dir='ltr' id='par_1_3' title="bbox 240 950 1354 1562">
     <span class='ocr_line' id='line_1_4' title="bbox 332 950 1349 1043; baseline -0.003 -14"><span class='ocrx_word' id='word_1_18' title='bbox 332 960 368 1029; x_wconf 88' lang='lat' dir='ltr'><strong>et</strong></span> <span class='ocrx_word' id='word_1_19' title='bbox 394 954 541 1029; x_wconf 57' lang='lat' dir='ltr'><strong>notavi(</strong></span> <span class='ocrx_word' id='word_1_20' title='bbox 578 952 705 1043; x_wconf 81' lang='lat' dir='ltr'><strong>Quarto</strong></span> <span class='ocrx_word' id='word_1_21' title='bbox 740 951 894 1024; x_wconf 87' lang='lat' dir='ltr'><strong>milliario</strong></span> <span class='ocrx_word' id='word_1_22' title='bbox 928 971 951 1022; x_wconf 89' lang='lat' dir='ltr'><strong>a</strong></span> <span class='ocrx_word' id='word_1_23' title='bbox 978 950 1171 1041; x_wconf 88' lang='lat' dir='ltr'><strong>Nazareth,</strong></span> <span class='ocrx_word' id='word_1_24' title='bbox 1201 951 1349 1026; x_wconf 86' lang='lat' dir='ltr'><strong>secundo</strong></span> 
     </span>
     <span class='ocr_line' id='line_1_5' title="bbox 240 1083 1353 1181; baseline 0 -20"><span class='ocrx_word' id='word_1_25' title='bbox 240 1141 242 1145; x_wconf 88' lang='lat'>-</span> <span class='ocrx_word' id='word_1_26' title='bbox 331 1110 353 1161; x_wconf 98' lang='lat' dir='ltr'><strong>a</strong></span> <span class='ocrx_word' id='word_1_27' title='bbox 381 1088 549 1181; x_wconf 88' lang='lat' dir='ltr'><strong>Sepphori</strong></span> <span class='ocrx_word' id='word_1_28' title='bbox 576 1084 686 1160; x_wconf 85' lang='lat' dir='ltr'><strong>Cana</strong></span> <span class='ocrx_word' id='word_1_29' title='bbox 713 1083 936 1159; x_wconf 80' lang='lat' dir='ltr'><strong>Galilaeae</strong></span> <span class='ocrx_word' id='word_1_30' title='bbox 964 1085 1207 1177; x_wconf 84' lang='lat' dir='ltr'><strong>adorientem,</strong></span> <span class='ocrx_word' id='word_1_31' title='bbox 1236 1108 1259 1159; x_wconf 91' lang='lat' dir='ltr'><strong>a</strong></span> <span class='ocrx_word' id='word_1_32' title='bbox 1285 1107 1353 1180; x_wconf 87' lang='lat' dir='ltr'><strong>qua</strong></span> 
     </span>
     <span class='ocr_line' id='line_1_6' title="bbox 332 1217 1352 1313; baseline 0.002 -19"><span class='ocrx_word' id='word_1_33' title='bbox 332 1221 509 1313; x_wconf 83' lang='lat' dir='ltr'><strong>Philippus</strong></span> <span class='ocrx_word' id='word_1_34' title='bbox 543 1228 578 1293; x_wconf 88' lang='lat' dir='ltr'><strong>et</strong></span> <span class='ocrx_word' id='word_1_35' title='bbox 603 1217 810 1293; x_wconf 86' lang='lat' dir='ltr'><strong>Nathanael:</strong></span> <span class='ocrx_word' id='word_1_36' title='bbox 846 1219 880 1290; x_wconf 95' lang='lat' dir='ltr'><strong>in</strong></span> <span class='ocrx_word' id='word_1_37' title='bbox 915 1239 982 1310; x_wconf 88' lang='lat' dir='ltr'><strong>qua</strong></span> <span class='ocrx_word' id='word_1_38' title='bbox 1013 1241 1102 1312; x_wconf 86' lang='lat' dir='ltr'><strong>puer</strong></span> <span class='ocrx_word' id='word_1_39' title='bbox 1128 1219 1245 1312; x_wconf 89' lang='lat' dir='ltr'><strong>Jesns,</strong></span> <span class='ocrx_word' id='word_1_40' title='bbox 1275 1241 1352 1296; x_wconf 91' lang='lat' dir='ltr'><strong>cum</strong></span> 
     </span>
     <span class='ocr_line' id='line_1_7' title="bbox 332 1352 1354 1447; baseline 0.001 -21"><span class='ocrx_word' id='word_1_41' title='bbox 332 1362 442 1427; x_wconf 86' lang='lat' dir='ltr'><strong>matre</strong></span> <span class='ocrx_word' id='word_1_42' title='bbox 469 1373 532 1427; x_wconf 86' lang='lat' dir='ltr'><strong>sua</strong></span> <span class='ocrx_word' id='word_1_43' title='bbox 558 1352 769 1428; x_wconf 87' lang='lat' dir='ltr'><strong>discumbens</strong></span> <span class='ocrx_word' id='word_1_44' title='bbox 795 1353 828 1424; x_wconf 96' lang='lat' dir='ltr'><strong>in</strong></span> <span class='ocrx_word' id='word_1_45' title='bbox 857 1353 997 1445; x_wconf 86' lang='lat' dir='ltr'><strong>nuptiis,</strong></span> <span class='ocrx_word' id='word_1_46' title='bbox 1033 1376 1155 1447; x_wconf 90' lang='lat' dir='ltr'><strong>aquam</strong></span> <span class='ocrx_word' id='word_1_47' title='bbox 1184 1357 1354 1428; x_wconf 87' lang='lat' dir='ltr'><strong>convertit</strong></span> 
     </span>
     <span class='ocr_line' id='line_1_8' title="bbox 332 1489 522 1562; baseline 0 -3"><span class='ocrx_word' id='word_1_48' title='bbox 332 1490 368 1559; x_wconf 94' lang='lat' dir='ltr'><strong>in</strong></span> <span class='ocrx_word' id='word_1_49' title='bbox 396 1489 522 1562; x_wconf 86' lang='lat' dir='ltr'><strong>vinum.</strong></span> 
     </span>
    </p>

    <p class='ocr_par' dir='ltr' id='par_1_4' title="bbox 289 1618 1372 3816">
     <span class='ocr_line' id='line_1_9' title="bbox 413 1618 1352 1713; baseline -0.002 -17"><span class='ocrx_word' id='word_1_50' title='bbox 413 1622 542 1713; x_wconf 84' lang='lat' dir='ltr'><strong>Quarto</strong></span> <span class='ocrx_word' id='word_1_51' title='bbox 576 1620 731 1693; x_wconf 90' lang='lat' dir='ltr'><strong>milliario</strong></span> <span class='ocrx_word' id='word_1_52' title='bbox 765 1638 786 1690; x_wconf 96' lang='lat' dir='ltr'><strong>a</strong></span> <span class='ocrx_word' id='word_1_53' title='bbox 819 1618 994 1692; x_wconf 80' lang='lat' dir='ltr'><strong>Nazareth</strong></span> <span class='ocrx_word' id='word_1_54' title='bbox 1033 1630 1151 1695; x_wconf 86' lang='lat' dir='ltr'><strong>contra</strong></span> <span class='ocrx_word' id='word_1_55' title='bbox 1186 1624 1352 1695; x_wconf 85' lang='lat' dir='ltr'><strong>orientem</strong></span> 
     </span>
     <span class='ocr_line' id='line_1_10' title="bbox 332 1753 1372 1854; baseline -0.003 -29"><span class='ocrx_word' id='word_1_56' title='bbox 332 1775 430 1825; x_wconf 89' lang='lat' dir='ltr'><strong>mons</strong></span> <span class='ocrx_word' id='word_1_57' title='bbox 457 1753 604 1839; x_wconf 83' lang='lat' dir='ltr'><strong>Tuber,</strong></span> <span class='ocrx_word' id='word_1_58' title='bbox 635 1754 669 1823; x_wconf 91' lang='lat' dir='ltr'><strong>in</strong></span> <span class='ocrx_word' id='word_1_59' title='bbox 697 1771 763 1844; x_wconf 92' lang='lat' dir='ltr'><strong>quo</strong></span> <span class='ocrx_word' id='word_1_60' title='bbox 790 1753 1043 1844; x_wconf 76' lang='lat' dir='ltr'><strong>transfiguravit</strong></span> <span class='ocrx_word' id='word_1_61' title='bbox 1070 1776 1108 1827; x_wconf 90' lang='lat' dir='ltr'><strong>se</strong></span> <span class='ocrx_word' id='word_1_62' title='bbox 1136 1753 1236 1828; x_wconf 89' lang='lat' dir='ltr'><strong>Jesus</strong></span> <span class='ocrx_word' id='word_1_63' title='bbox 1267 1773 1372 1854; x_wconf 15' lang='lat' dir='ltr'><strong>apo-⁴</strong></span> 
     </span>
     <span class='ocr_line' id='line_1_11' title="bbox 333 1885 1350 1975; baseline -0.003 -17"><span class='ocrx_word' id='word_1_64' title='bbox 333 1888 433 1960; x_wconf 86' lang='lat' dir='ltr'><strong>stolis</strong></span> <span class='ocrx_word' id='word_1_65' title='bbox 461 1886 532 1958; x_wconf 83' lang='lat' dir='ltr'><strong>suis</strong></span> <span class='ocrx_word' id='word_1_66' title='bbox 559 1886 808 1975; x_wconf 79' lang='lat' dir='ltr'><strong>praesentibus,</strong></span> <span class='ocrx_word' id='word_1_67' title='bbox 837 1886 966 1958; x_wconf 91' lang='lat' dir='ltr'><strong>scilicet</strong></span> <span class='ocrx_word' id='word_1_68' title='bbox 992 1885 1101 1959; x_wconf 88' lang='lat' dir='ltr'><strong>Petro</strong></span> <span class='ocrx_word' id='word_1_69' title='bbox 1129 1892 1167 1961; x_wconf 88' lang='lat' dir='ltr'><strong>et</strong></span> <span class='ocrx_word' id='word_1_70' title='bbox 1193 1885 1350 1959; x_wconf 88' lang='lat' dir='ltr'><strong>Johanne</strong></span> 
     </span>
     <span class='ocr_line' id='line_1_12' title="bbox 333 2015 1350 2110; baseline -0.003 -21"><span class='ocrx_word' id='word_1_71' title='bbox 333 2025 369 2090; x_wconf 89' lang='lat' dir='ltr'><strong>et</strong></span> <span class='ocrx_word' id='word_1_72' title='bbox 395 2019 544 2110; x_wconf 88' lang='lat' dir='ltr'><strong>Jacobo,</strong></span> <span class='ocrx_word' id='word_1_73' title='bbox 580 2037 692 2090; x_wconf 88' lang='lat' dir='ltr'><strong>corum</strong></span> <span class='ocrx_word' id='word_1_74' title='bbox 726 2037 861 2109; x_wconf 87' lang='lat' dir='ltr'><strong>qnoque</strong></span> <span class='ocrx_word' id='word_1_75' title='bbox 894 2015 1017 2108; x_wconf 88' lang='lat' dir='ltr'><strong>Moyse</strong></span> <span class='ocrx_word' id='word_1_76' title='bbox 1052 2024 1088 2089; x_wconf 91' lang='lat' dir='ltr'><strong>et</strong></span> <span class='ocrx_word' id='word_1_77' title='bbox 1121 2018 1216 2090; x_wconf 89' lang='lat' dir='ltr'><strong>Elia:</strong></span> <span class='ocrx_word' id='word_1_78' title='bbox 1260 2015 1350 2107; x_wconf 88' lang='lat' dir='ltr'><strong>quod</strong></span> 
     </span>
     <span class='ocr_line' id='line_1_13' title="bbox 330 2147 1350 2241; baseline -0.004 -21"><span class='ocrx_word' id='word_1_79' title='bbox 330 2147 458 2222; x_wconf 85' lang='lat' dir='ltr'><strong>festum</strong></span> <span class='ocrx_word' id='word_1_80' title='bbox 492 2148 736 2241; x_wconf 84' lang='lat' dir='ltr'><strong>Hierosolymis</strong></span> <span class='ocrx_word' id='word_1_81' title='bbox 769 2150 964 2222; x_wconf 88' lang='lat' dir='ltr'><strong>solemniter</strong></span> <span class='ocrx_word' id='word_1_82' title='bbox 996 2149 1192 2223; x_wconf 88' lang='lat' dir='ltr'><strong>celebratur</strong></span> <span class='ocrx_word' id='word_1_83' title='bbox 1224 2149 1258 2217; x_wconf 97' lang='lat' dir='ltr'><strong>in</strong></span> <span class='ocrx_word' id='word_1_84' title='bbox 1295 2147 1350 2218; x_wconf 86' lang='lat' dir='ltr'><strong>die</strong></span> 
     </span>
     <span class='ocr_line' id='line_1_14' title="bbox 332 2278 1350 2371; baseline -0.005 -19"><span class='ocrx_word' id='word_1_85' title='bbox 332 2281 438 2352; x_wconf 85' lang='lat' dir='ltr'><strong>sancti</strong></span> <span class='ocrx_word' id='word_1_86' title='bbox 465 2278 551 2352; x_wconf 87' lang='lat' dir='ltr'><strong>Sixti</strong></span> <span class='ocrx_word' id='word_1_87' title='bbox 581 2287 616 2352; x_wconf 87' lang='lat' dir='ltr'><strong>et</strong></span> <span class='ocrx_word' id='word_1_88' title='bbox 643 2282 784 2353; x_wconf 85' lang='lat' dir='ltr'><strong>maxime</strong></span> <span class='ocrx_word' id='word_1_89' title='bbox 811 2302 833 2353; x_wconf 89' lang='lat' dir='ltr'><strong>a</strong></span> <span class='ocrx_word' id='word_1_90' title='bbox 860 2282 1014 2371; x_wconf 76' lang='lat' dir='ltr'><strong>annania,</strong></span> <span class='ocrx_word' id='word_1_91' title='bbox 1044 2302 1120 2354; x_wconf 90' lang='lat' dir='ltr'><strong>cum</strong></span> <span class='ocrx_word' id='word_1_92' title='bbox 1149 2288 1184 2353; x_wconf 91' lang='lat' dir='ltr'><strong>et</strong></span> <span class='ocrx_word' id='word_1_93' title='bbox 1210 2279 1256 2349; x_wconf 92' lang='lat' dir='ltr'><strong>ihi</strong></span> <span class='ocrx_word' id='word_1_94' title='bbox 1286 2299 1350 2349; x_wconf 90' lang='lat' dir='ltr'><strong>vox</strong></span> 
     </span>
     <span class='ocr_line' id='line_1_15' title="bbox 333 2409 1349 2500; baseline -0.005 -17"><span class='ocrx_word' id='word_1_95' title='bbox 333 2413 442 2500; x_wconf 83' lang='lat' dir='ltr'><strong>patris</strong></span> <span class='ocrx_word' id='word_1_96' title='bbox 469 2413 586 2484; x_wconf 87' lang='lat' dir='ltr'><strong>audita</strong></span> <span class='ocrx_word' id='word_1_97' title='bbox 614 2419 681 2486; x_wconf 86' lang='lat' dir='ltr'><strong>cst:</strong></span> <span class='ocrx_word' id='word_1_98' title='bbox 717 2409 789 2483; x_wconf 85' lang='lat' dir='ltr'><strong>Hic</strong></span> <span class='ocrx_word' id='word_1_99' title='bbox 815 2417 865 2483; x_wconf 81' lang='lat' dir='ltr'><strong>est</strong></span> <span class='ocrx_word' id='word_1_100' title='bbox 888 2411 985 2500; x_wconf 71' lang='lat' dir='ltr'><strong>filius</strong></span> <span class='ocrx_word' id='word_1_101' title='bbox 1011 2434 1108 2486; x_wconf 80' lang='lat' dir='ltr'><strong>meuc</strong></span> <span class='ocrx_word' id='word_1_102' title='bbox 1122 2412 1266 2485; x_wconf 63' lang='lat' dir='ltr'><strong>ddecus</strong></span> <span class='ocrx_word' id='word_1_103' title='bbox 1281 2417 1349 2481; x_wconf 81' lang='lat' dir='ltr'><strong>etc.</strong></span> 
     </span>
     <span class='ocr_line' id='line_1_16' title="bbox 331 2542 1347 2633; baseline -0.002 -19"><span class='ocrx_word' id='word_1_104' title='bbox 331 2543 397 2633; x_wconf 82' lang='lat' dir='ltr'><strong>Qui</strong></span> <span class='ocrx_word' id='word_1_105' title='bbox 427 2545 531 2616; x_wconf 88' lang='lat' dir='ltr'><strong>etiam</strong></span> <span class='ocrx_word' id='word_1_106' title='bbox 561 2542 663 2617; x_wconf 88' lang='lat' dir='ltr'><strong>Petro</strong></span> <span class='ocrx_word' id='word_1_107' title='bbox 691 2551 727 2617; x_wconf 88' lang='lat' dir='ltr'><strong>et</strong></span> <span class='ocrx_word' id='word_1_108' title='bbox 752 2542 900 2616; x_wconf 90' lang='lat' dir='ltr'><strong>Johanni</strong></span> <span class='ocrx_word' id='word_1_109' title='bbox 929 2550 967 2616; x_wconf 91' lang='lat' dir='ltr'><strong>et</strong></span> <span class='ocrx_word' id='word_1_110' title='bbox 994 2544 1125 2618; x_wconf 87' lang='lat' dir='ltr'><strong>Jacobo</strong></span> <span class='ocrx_word' id='word_1_111' title='bbox 1148 2543 1264 2633; x_wconf 91' lang='lat' dir='ltr'><strong>vetuit,</strong></span> <span class='ocrx_word' id='word_1_112' title='bbox 1294 2562 1347 2630; x_wconf 88' lang='lat' dir='ltr'><strong>ne,</strong></span> 
     </span>
     <span class='ocr_line' id='line_1_17' title="bbox 330 2674 1351 2768; baseline -0.002 -22"><span class='ocrx_word' id='word_1_113' title='bbox 330 2674 420 2764; x_wconf 91' lang='lat' dir='ltr'><strong>quod</strong></span> <span class='ocrx_word' id='word_1_114' title='bbox 448 2674 614 2766; x_wconf 85' lang='lat' dir='ltr'><strong>viderunt,</strong></span> <span class='ocrx_word' id='word_1_115' title='bbox 645 2677 744 2749; x_wconf 90' lang='lat' dir='ltr'><strong>alicui</strong></span> <span class='ocrx_word' id='word_1_116' title='bbox 772 2677 982 2768; x_wconf 81' lang='lat' dir='ltr'><strong>revelarent,</strong></span> <span class='ocrx_word' id='word_1_117' title='bbox 1019 2678 1130 2750; x_wconf 88' lang='lat' dir='ltr'><strong>donec</strong></span> <span class='ocrx_word' id='word_1_118' title='bbox 1156 2696 1179 2747; x_wconf 87' lang='lat' dir='ltr'><strong>a</strong></span> <span class='ocrx_word' id='word_1_119' title='bbox 1206 2675 1351 2747; x_wconf 86' lang='lat' dir='ltr'><strong>mortuis</strong></span> 
     </span>
     <span class='ocr_line' id='line_1_18' title="bbox 329 2804 1348 2897; baseline -0.004 -19"><span class='ocrx_word' id='word_1_120' title='bbox 329 2806 417 2879; x_wconf 84' lang='lat' dir='ltr'><strong>lilius</strong></span> <span class='ocrx_word' id='word_1_121' title='bbox 444 2807 587 2879; x_wconf 89' lang='lat' dir='ltr'><strong>hominis</strong></span> <span class='ocrx_word' id='word_1_122' title='bbox 615 2815 823 2897; x_wconf 80' lang='lat' dir='ltr'><strong>resurgeret.</strong></span> <span class='ocrx_word' id='word_1_123' title='bbox 862 2810 914 2882; x_wconf 93' lang='lat' dir='ltr'><strong>Ihi</strong></span> <span class='ocrx_word' id='word_1_124' title='bbox 941 2809 1066 2882; x_wconf 87' lang='lat' dir='ltr'><strong>Petrus</strong></span> <span class='ocrx_word' id='word_1_125' title='bbox 1095 2810 1160 2880; x_wconf 88' lang='lat' dir='ltr'><strong>ait:</strong></span> <span class='ocrx_word' id='word_1_126' title='bbox 1189 2804 1348 2890; x_wconf 80' lang='lat' dir='ltr'><strong>Domine,</strong></span> 
     </span>
     <span class='ocr_line' id='line_1_19' title="bbox 330 2938 1350 3014; baseline 0 -6"><span class='ocrx_word' id='word_1_127' title='bbox 330 2938 1350 3014; x_wconf 57' lang='lat' dir='ltr'><strong>hmmmmmmwmfflma</strong></span> 
     </span>
     <span class='ocr_line' id='line_1_20' title="bbox 329 3070 1348 3145; baseline 0.001 -4"><span class='ocrx_word' id='word_1_128' title='bbox 329 3071 443 3144; x_wconf 89' lang='lat' dir='ltr'><strong>Tabor</strong></span> <span class='ocrx_word' id='word_1_129' title='bbox 475 3078 593 3143; x_wconf 86' lang='lat' dir='ltr'><strong>contra</strong></span> <span class='ocrx_word' id='word_1_130' title='bbox 628 3075 794 3145; x_wconf 89' lang='lat' dir='ltr'><strong>orientem</strong></span> <span class='ocrx_word' id='word_1_131' title='bbox 820 3094 918 3145; x_wconf 91' lang='lat' dir='ltr'><strong>mons</strong></span> <span class='ocrx_word' id='word_1_132' title='bbox 945 3073 1141 3144; x_wconf 88' lang='lat' dir='ltr'><strong>Hermon.</strong></span> <span class='ocrx_word' id='word_1_133' title='bbox 1202 3072 1238 3141; x_wconf 89' lang='lat' dir='ltr'><strong>ln</strong></span> <span class='ocrx_word' id='word_1_134' title='bbox 1272 3070 1348 3142; x_wconf 86' lang='lat' dir='ltr'><strong>des·</strong></span> 
     </span>
     <span class='ocr_line' id='line_1_21' title="bbox 329 3201 1344 3276; baseline -0.001 -4"><span class='ocrx_word' id='word_1_135' title='bbox 329 3223 431 3275; x_wconf 87' lang='lat' dir='ltr'><strong>censu</strong></span> <span class='ocrx_word' id='word_1_136' title='bbox 465 3201 577 3274; x_wconf 90' lang='lat' dir='ltr'><strong>Tabor</strong></span> <span class='ocrx_word' id='word_1_137' title='bbox 609 3205 732 3275; x_wconf 83' lang='lat' dir='ltr'><strong>montis</strong></span> <span class='ocrx_word' id='word_1_138' title='bbox 767 3203 917 3276; x_wconf 87' lang='lat' dir='ltr'><strong>obviavit</strong></span> <span class='ocrx_word' id='word_1_139' title='bbox 943 3203 1106 3275; x_wconf 83' lang='lat' dir='ltr'><strong>Abrahae</strong></span> <span class='ocrx_word' id='word_1_140' title='bbox 1140 3201 1344 3273; x_wconf 88' lang='lat' dir='ltr'><strong>redeuntia</strong></span> 
     </span>
     <span class='ocr_line' id='line_1_22' title="bbox 329 3333 1342 3424; baseline 0.001 -21"><span class='ocrx_word' id='word_1_141' title='bbox 329 3335 433 3406; x_wconf 89' lang='lat' dir='ltr'><strong>caede</strong></span> <span class='ocrx_word' id='word_1_142' title='bbox 461 3333 628 3407; x_wconf 84' lang='lat' dir='ltr'><strong>Amalech</strong></span> <span class='ocrx_word' id='word_1_143' title='bbox 657 3335 809 3406; x_wconf 87' lang='lat' dir='ltr'><strong>dominus</strong></span> <span class='ocrx_word' id='word_1_144' title='bbox 823 3335 1089 3424; x_wconf 79' lang='lat' dir='ltr'><strong>Melchisedech,</strong></span> <span class='ocrx_word' id='word_1_145' title='bbox 1120 3334 1178 3423; x_wconf 88' lang='lat' dir='ltr'><strong>qui</strong></span> <span class='ocrx_word' id='word_1_146' title='bbox 1202 3339 1239 3404; x_wconf 88' lang='lat' dir='ltr'><strong>et</strong></span> <span class='ocrx_word' id='word_1_147' title='bbox 1254 3333 1342 3423; x_wconf 89' lang='lat' dir='ltr'><strong>Sem,</strong></span> 
     </span>
     <span class='ocr_line' id='line_1_23' title="bbox 289 3463 1345 3557; baseline 0 -23"><span class='ocrx_word' id='word_1_148' title='bbox 289 3519 291 3522; x_wconf 14' lang='lat' dir='ltr'><strong>a</strong></span> <span class='ocrx_word' id='word_1_149' title='bbox 331 3463 417 3536; x_wconf 88' lang='lat' dir='ltr'><strong>filius</strong></span> <span class='ocrx_word' id='word_1_150' title='bbox 444 3463 536 3555; x_wconf 91' lang='lat' dir='ltr'><strong>Noe,</strong></span> <span class='ocrx_word' id='word_1_151' title='bbox 572 3467 728 3538; x_wconf 87' lang='lat' dir='ltr'><strong>sacerdos</strong></span> <span class='ocrx_word' id='word_1_152' title='bbox 761 3474 796 3539; x_wconf 88' lang='lat' dir='ltr'><strong>et</strong></span> <span class='ocrx_word' id='word_1_153' title='bbox 822 3489 882 3539; x_wconf 87' lang='lat' dir='ltr'><strong>rex</strong></span> <span class='ocrx_word' id='word_1_154' title='bbox 909 3466 1038 3556; x_wconf 87' lang='lat' dir='ltr'><strong>Salem,</strong></span> <span class='ocrx_word' id='word_1_155' title='bbox 1067 3471 1287 3557; x_wconf 88' lang='lat' dir='ltr'><strong>praesentans</strong></span> <span class='ocrx_word' id='word_1_156' title='bbox 1315 3466 1345 3537; x_wconf 89' lang='lat' dir='ltr'><strong>ei</strong></span> 
     </span>
     <span class='ocr_line' id='line_1_24' title="bbox 330 3595 1344 3690; baseline 0.001 -24"><span class='ocrx_word' id='word_1_157' title='bbox 330 3616 451 3686; x_wconf 88' lang='lat' dir='ltr'><strong>panem</strong></span> <span class='ocrx_word' id='word_1_158' title='bbox 478 3603 515 3668; x_wconf 87' lang='lat' dir='ltr'><strong>et</strong></span> <span class='ocrx_word' id='word_1_159' title='bbox 544 3599 674 3689; x_wconf 90' lang='lat' dir='ltr'><strong>vinum,</strong></span> <span class='ocrx_word' id='word_1_160' title='bbox 711 3599 801 3688; x_wconf 88' lang='lat' dir='ltr'><strong>quod</strong></span> <span class='ocrx_word' id='word_1_161' title='bbox 835 3599 957 3690; x_wconf 80' lang='lat' dir='ltr'><strong>figurat</strong></span> <span class='ocrx_word' id='word_1_162' title='bbox 989 3599 1101 3672; x_wconf 89' lang='lat' dir='ltr'><strong>altare</strong></span> <span class='ocrx_word' id='word_1_163' title='bbox 1129 3595 1255 3670; x_wconf 77' lang='lat' dir='ltr'><strong>Christi</strong></span> <span class='ocrx_word' id='word_1_164' title='bbox 1281 3597 1344 3668; x_wconf 89' lang='lat' dir='ltr'><strong>suh</strong></span> 
     </span>
     <span class='ocr_line' id='line_1_25' title="bbox 328 3729 451 3816; baseline -0.016 -16"><span class='ocrx_word' id='word_1_165' title='bbox 328 3729 451 3816; x_wconf 85' lang='lat' dir='ltr'><strong>gratia.</strong></span> 
     </span>
    </p>
   </div>
   <div class='ocr_carea' id='block_1_4' title="bbox 0 0 1688 4650">
    <p class='ocr_par' dir='ltr' id='par_1_5' title="bbox 0 0 1688 4650">
     <span class='ocr_line' id='line_1_26' title="bbox 0 0 1688 4650; baseline 0 0"><span class='ocrx_word' id='word_1_166' title='bbox 0 0 1688 4650; x_wconf 95' lang='lat' dir='ltr'><strong> </strong></span> 
     </span>
    </p>
   </div>
  </div>
 </body>
</html>
