3368 4650
349 507 391 574 70

347 709 454 761 mam
487 685 639 775 repetiit.
695 683 778 759 Inde
812 706 876 778 prr
914 678 1147 758 Sebastiam
1190 675 1370 769 sepulchro

345 818 510 894 Jobannis
524 815 716 907 Baptistae,
746 816 906 909 anamais
932 820 1083 904 tempore
1099 808 1241 881 Julian·
1267 829 1370 899 apos-

346 956 439 1026 tatae
471 950 605 1040 diruto,
641 969 681 1023 aa
715 948 869 1040 reliquiis
899 946 1147 1039 prophetarum
1174 941 1306 1025 Abdiae
1334 949 1371 1014 et

347 1084 499 1158 Helisaei
526 1085 713 1174 puteoque,
742 1082 802 1155 ubi
830 1081 995 1153 Dominus
1033 1083 1154 1172 potum
1181 1099 1202 1150 a
1228 1078 1368 1151 samari·

348 1223 429 1290 tana
486 1215 656 1307 petierat,
714 1216 853 1306 claram,
897 1213 991 1297 uiso
1045 1216 1185 1286 monte
1240 1207 1367 1284 Gari-

345 1350 444 1438 ain,
486 1348 521 1420 in
563 1368 632 1439 qno
673 1349 882 1423 samaritana
921 1352 1044 1439 patres
1083 1347 1366 1421 samaritanorum

194 1555 199 1563 .
344 1482 490 1557 orationi
541 1481 717 1557 indulsisse
768 1483 921 1557 dixerat:
971 1482 1016 1555 ad
1067 1486 1169 1574 capnt
1211 1482 1366 1557 Libani

185 1659 189 1669 ·
339 1615 502 1690 montis
528 1615 621 1708 Tyro
657 1617 822 1708 vicinum,
859 1618 1058 1708 contignum
1084 1615 1208 1708 monti,
1242 1635 1365 1688 saevos

339 1751 476 1824 leonum
501 1749 651 1842 impetus
677 1752 713 1824 in
739 1752 798 1824 ria
826 1751 918 1845 passi
945 1750 1095 1822 veniunt.
1151 1751 1243 1846 Inde,
1272 1747 1363 1839 apnd

336 1880 487 1974 Tyrum
515 1882 571 1954 diu
612 1889 812 1976 exspectata
849 1884 949 1978 navi,
992 1882 1149 1955 inchoato
1183 1883 1217 1956 in
1249 1883 1363 1957 natale

335 2037 362 2089 s.
389 2015 551 2089 Andreae
579 2017 729 2110 navigio,
759 2037 827 2108 per
854 2020 964 2087 totam
990 2015 1192 2105 navigantes
1204 2016 1361 2104 hiemem,

337 2148 397 2220 an'a
422 2147 586 2242 prociona
612 2157 691 2223 ante
718 2151 845 2244 pascha
858 2148 1054 2243 septimana
1068 2155 1236 2224 venemnt
1263 2145 1364 2218 Gon·

336 2280 673 2372 stantinopolim
700 2287 900 2354 sanotomm
927 2283 1163 2372 apostolorum
1187 2280 1359 2371 Andreae,

335 2410 515 2483 Timothei·
531 2416 567 2484 et
592 2410 710 2487 Lucae
727 2411 974 2504 Evangelistae
1002 2419 1038 2487 et
1055 2414 1222 2489 Jobannis
1249 2412 1360 2504 Chry·

335 2543 473 2618 sostomi
499 2543 653 2636 reliquiis
688 2548 869 2620 celebrem.
926 2546 979 2619 lbi
1006 2548 1180 2624 biennium
1209 2550 1358 2618 moratus

333 2675 572 2750 transfretavit
600 2677 737 2752 interim
764 2679 981 2772 Nicaeam,
1010 2680 1203 2771 Bithyniae
1228 2679 1355 2767 arant,

334 2811 392 2885 nbi
408 2810 655 2885 Constantinus
682 2812 727 2885 ad
754 2815 988 2887 ventilandam
1008 2812 1093 2886 Arii
1119 2820 1152 2886 at
1167 2810 1358 2885 Athanasii

333 2940 572 3017 Alexandrini
586 2945 762 3038 praesum
777 2949 1045 3037 controversiam
1073 2952 1208 3021 centum
1236 2947 1356 3021 decem

332 3083 368 3150 et
394 3082 470 3149 octo
498 3076 676 3171 episcopos
710 3078 865 3172 collegit,
903 3082 1019 3174 ibique
1047 3086 1101 3154 est
1130 3080 1290 3173 ccclesia,
1318 3080 1352 3152 in

331 3230 398 3300 qna
430 3208 474 3281 ad
507 3208 672 3300 synodum
700 3214 946 3306 consederunt,
976 3219 1070 3287 tecto
1099 3234 1218 3288 carens
1244 3214 1353 3288 instar

328 3342 427 3433 illius,
458 3361 545 3432 quae
573 3342 655 3440 sita!
668 3344 784 3417 estin
818 3353 931 3421 monte
961 3329 1099 3421 Oliueti.
1156 3344 1352 3420 Constanti·

330 3474 478 3566 napolim
510 3495 704 3567 regressus,
745 3498 901 3553 remenso
942 3481 1044 3554 maris
1084 3483 1244 3574 transitu,
1286 3503 1350 3575 per

328 3607 460 3682 Siciliae
500 3609 604 3682 nrbes
646 3610 837 3704 Capuam
877 3613 1107 3713 (Syracusas),
1147 3613 1349 3690 Catanam
