3368 4650
329 505 373 571 86

328 681 555 775 glandiferae:
585 699 687 769 quam
702 679 863 752 videlicet
882 674 1110 766 archangelus
1122 672 1197 765 ipse
1224 676 1349 749 dicitur

329 815 520 900 dedicasse,
558 809 653 901 cujus
681 811 839 883 introitus
873 815 927 882 est
956 806 999 879 ab
1026 806 1186 898 aquilone
1213 813 1250 880 et
1274 807 1348 899 ipsa

329 945 505 1036 sexaginta
531 944 685 1015 homines
710 947 828 1033 potest
856 943 1009 1032 recipere
1036 941 1072 1012 in
1099 960 1148 1012 se.
1184 941 1348 1014 Intrinse-

331 1101 389 1152 cus
424 1097 506 1151 vero
541 1076 585 1147 ad
619 1077 786 1149 orientem
820 1075 927 1165 ipsius
955 1074 1069 1165 angeli
1095 1073 1202 1151 babet
1228 1075 1349 1167 imagi·

330 1233 424 1300 nem;
460 1210 505 1282 ad
539 1209 714 1282 meridiem
748 1229 831 1281 vero
867 1214 919 1282 est
952 1207 1080 1301 altaro,
1121 1230 1224 1302 super
1257 1210 1347 1304 quod

267 1397 268 1401 ,
329 1343 534 1417 sacrificium
569 1340 725 1433 offertur,
762 1349 798 1415 et
824 1350 964 1435 praeter
995 1344 1032 1416 id
1066 1344 1195 1417 nullum
1228 1367 1348 1419 munus

329 1478 377 1552 ibi
414 1476 566 1569 ponitur,
625 1474 692 1549 Est
730 1483 844 1549 autem
885 1484 966 1549 ante
999 1478 1110 1570 ipsum
1143 1479 1254 1553 altare
1288 1501 1348 1553 vas

333 1611 504 1704 quoddam
517 1631 725 1703 suspensum,
744 1612 861 1704 inquo
882 1612 1066 1685 mittuntur
1084 1611 1240 1685 donaria:
1257 1612 1348 1705 quod

331 1747 433 1818 etiarn
455 1745 557 1837 juxta
584 1767 621 1819 se
649 1747 716 1819 alia
741 1744 846 1820 babet
874 1747 1006 1820 altaria.
1045 1744 1151 1838 Cujus
1169 1745 1234 1818 loci
1246 1747 1349 1818 abbas

332 1878 517 1952 vocabatur
534 1879 755 1969 Benignatus,
778 1882 835 1972 qui
858 1880 975 1952 multis
991 1884 1154 1972 praeerat
1174 1878 1346 1953 iratribus.

413 2015 446 2086 3.
481 2011 536 2084 De
568 2017 686 2085 monte
720 2019 833 2086 autern
867 1991 1031 2102 Gargano
1067 2011 1248 2102 abeuntes,
1286 2029 1350 2104 per

330 2152 467 2218 centum
496 2145 740 2235 quinquaginta
766 2144 922 2217 milliaria
937 2145 1146 2218 venimusad
1164 2145 1346 2232 Barrem,

331 2277 503 2350 civitatem
536 2296 807 2367 sarracenorum,
853 2297 940 2366 quae
981 2275 1109 2349 dudum
1149 2276 1348 2368 subjacebat

329 2410 450 2481 ditioni
477 2409 808 2480 beneventanorum:
845 2429 933 2498 quaa
962 2409 1095 2497 civitas,
1125 2428 1229 2500 supra
1255 2426 1348 2478 mare

329 2545 406 2634 sita,
436 2541 569 2614 duobus
597 2548 649 2614 est
675 2563 697 2614 a
723 2541 866 2615 meridie
894 2541 1062 2615 latissimis
1082 2543 1212 2614 munita
1227 2539 1347 2625 muris;

330 2677 372 2748 ab
410 2676 569 2767 aquilone
606 2696 689 2748 vero
726 2675 813 2746 mari
848 2674 1021 2766 prominet
1063 2673 1226 2765 exposita.
1286 2671 1351 2742 Hic

330 2810 448 2900 itaque
480 2813 638 2897 petentes
670 2807 858 2900 principem
893 2807 1038 2880 civitatis
1070 2805 1176 2896 illius,
1214 2804 1350 2874 nomine

332 2941 521 3028 suldanum,
550 2939 803 3031 impetravimus
830 2961 906 3010 cum
934 2937 1064 3010 duabus
1080 2937 1233 3029 epistolis
1251 2955 1350 3007 omne

334 3072 516 3162 navigandi
556 3072 744 3163 negotium,
796 3091 938 3162 quarum
977 3074 1090 3144 textus
1130 3069 1350 3162 epistolarum

329 3204 473 3297 principi
500 3203 728 3276 Alexandriae
755 3219 829 3276 nec*
854 3225 921 3277 non
956 3209 994 3276 et
1021 3203 1234 3294 Babyloniae
1260 3203 1349 3275 noti·

330 3339 412 3410 tiam
453 3337 568 3410 vultus
610 3337 718 3409 nostri
759 3338 815 3410 vel
856 3338 992 3409 itineris
1032 3336 1231 3428 exponebat.
1303 3335 1349 3408 Hi

332 3470 478 3564 denique
511 3470 678 3562 principes
710 3470 770 3542 sub
803 3470 948 3560 imperio
983 3475 1063 3542 sunt
1103 3470 1346 3559 amarmomini,

331 3605 388 3696 qui
419 3591 565 3695 imperat
599 3603 752 3675 omnibus
787 3603 994 3692 sarracenis,
1030 3603 1187 3676 habitans
1217 3603 1253 3673 in
1279 3602 1347 3675 Ba-

330 3735 420 3828 gada
447 3741 484 3810 et
509 3735 677 3828 Axinarri,
707 3757 795 3828 quae
822 3741 900 3810 sunt
927 3735 1018 3810 ultra
1043 3735 1246 3810 Jerusalem.
