3368 4650
1306 572 1371 640 lou

399 765 507 839 Hine
535 762 731 839 exultate
756 762 900 837 coelus
926 761 1040 856 petit
1065 758 1293 848 inviolate,

399 921 500 993 epee
550 896 833 994 captivorum,
899 898 985 989 viu,
1033 895 1102 969 lux
1150 898 1191 967 et
1232 896 1372 965 meter

454 1055 605 1108 eorum.

428 1163 616 1240 Benedicti)
653 1187 798 1259 corpure
832 1167 994 1256 ubseute,
1033 1164 1128 1255 quie,
1165 1166 1205 1233 ut
1235 1159 1369 1250 dieitur,

340 1303 441 1393 juxte
459 1319 588 1372 morem
612 1298 837 1370 hebraeumm
856 1300 948 1372 intre
966 1302 1123 1371 octavum
1142 1295 1234 1368 diem
1260 1299 1371 1367 traue-

344 1432 412 1503 itus
447 1429 585 1502 visitatu
626 1434 662 1501 et
701 1430 856 1521 iuspecto
889 1429 1091 1524 sepulchro,
1137 1449 1261 1520 comus
1298 1427 1372 1521 ejue

345 1582 414 1636 uun
453 1566 506 1632 est
532 1564 722 1650 repertum.
792 1560 893 1634 Unde
932 1568 972 1636 et
1003 1565 1061 1655 pie
1094 1561 1264 1651 ereditur,
1303 1579 1371 1632 uon

345 1698 475 1766 tentum
507 1691 672 1782 enimam,
710 1691 772 1764 sed
806 1693 909 1765 etium
938 1715 1062 1786 corpus
1095 1694 1171 1784 ejus
1197 1711 1220 1763 u
1246 1691 1370 1764 dilecto

344 1823 414 1896 filiu
441 1840 503 1894 suo
531 1843 610 1894 cum
636 1822 882 1912 glorificatione
914 1825 1021 1898 fuisse
1048 1828 1249 1913 assumtum,
1278 1821 1370 1914 quod

343 1964 458 2029 temen
492 1952 724 2047 Hieronymus
760 1957 875 2046 potius
914 1954 1134 2046 haesitando,
1174 1976 1277 2047 quem
1316 1975 1370 2028 ue·

345 2087 491 2162 serendo
525 2087 666 2161 videtur
702 2088 843 2162 inuuere
875 2091 910 2162 iu
943 2090 1004 2163 ille
1037 2089 1202 2181 epistola:
1235 2086 1371 2178 cogitis

345 2242 410 2312 me,
439 2240 461 2292 ο
488 2219 597 2294 Paula
624 2226 662 2295 et
687 2220 908 2295 Eustochium
935 2229 1001 2295 ete
1054 2221 1227 2314 Quidquid
1253 2227 1369 2295 eutem

345 2353 389 2426 de
416 2353 482 2425 hoc
513 2354 578 2443 sit,
617 2375 679 2428 uos
712 2355 897 2448 eredimus,
931 2356 1070 2429 beatam
1098 2356 1267 2446 virginem
1295 2353 1368 2426 Me·

343 2487 429 2558 riam
456 2507 498 2560 ex
524 2486 592 2559 hoe
613 2487 699 2580 solo,
728 2487 819 2580 quud
846 2489 972 2561 meruit
997 2509 1094 2590 suum
1112 2493 1253 2578 portare
1274 2506 1369 2560 crea·

342 2628 469 2706 turem,
504 2619 642 2709 dignum
668 2618 745 2693 fore
772 2622 862 2693 omui
890 2619 1022 2694 honore
1050 2626 1087 2693 et
1113 2618 1367 2694 beatificatione

342 2759 567 2825 uenientum
595 2753 630 2824 iu
657 2754 786 2845 anime,
820 2755 881 2827 sed
917 2756 1024 2829 etiam
1060 2753 1095 2825 iu
1129 2774 1293 2845 comore,
1331 2759 1367 2827 et

342 2884 448 2957 filium
474 2907 571 2959 suum
599 2907 728 2960 summe
755 2887 957 2960 benevolum
985 2893 1022 2960 et
1039 2907 1169 2960 summe
1192 2893 1367 2978 potentem

340 3018 376 3090 id
402 3016 492 3090 velle
520 3027 557 3092 et
583 3040 694 3111 posse.
751 3018 951 3094 Honoratur
979 3040 1114 3112 quoque
1148 3023 1186 3092 et
1220 3037 1364 3092 veneru-

340 3157 398 3224 tur
424 3151 544 3224 eedem
579 3154 655 3245 ejus
690 3152 864 3245 sepulture
906 3155 1043 3226 ratione
1077 3150 1255 3245 cujusdem
1288 3171 1367 3223 eou-

339 3285 453 3375 sortii,
491 3285 534 3358 ed
573 3285 824 3358 similitudinem
858 3285 1157 3376 honorificentiae,
1188 3305 1277 3376 quae
1308 3304 1365 3358 ee·

339 3417 483 3509 pulchro
511 3417 626 3492 dilecti
654 3416 715 3490 iiiii
741 3420 793 3490 sui
820 3419 1011 3493 exhibetur.
1054 3420 1094 3490 Iu
1108 3418 1254 3492 introitu
1276 3418 1365 3511 ejus·

342 3551 419 3623 dem
448 3556 588 3644 cryptae
615 3551 693 3624 ulis
718 3552 851 3643 pictura
877 3557 913 3624 et
940 3552 1108 3645 scripture
1135 3552 1304 3625 cernitur:

392 3682 615 3759 Haeredes
654 3685 786 3773 vitae,
823 3684 1045 3760 Dominum
1087 3685 1262 3758 laudare
1297 3705 1364 3759 ue·

447 3815 553 3909 uite,
