3368 4650
350 475 352 478 ·
380 444 446 512 las

315 656 318 663 r
451 624 564 696 saera
593 621 666 713 jam
698 620 735 692 in
760 612 930 712 superiori
960 621 1058 711 porte
1086 613 1239 709 ejusdem
1264 614 1397 688 habita·

378 757 443 830 culi
485 772 609 842 coena,
654 752 729 824 veri
766 752 873 826 simile
908 756 963 824 est
995 770 1037 822 ex
1066 746 1397 840 ejusdenmysterii
1474 749 1479 760 “

379 888 528 978 ratione,
571 882 754 958 Dominam
791 890 962 979 nostrvm,
1009 882 1045 956 in
1084 879 1239 955 inferiori
1277 879 1397 956 domus
1485 978 1487 982 λ

380 1026 494 1114 parte,
537 1015 737 1093 humilitatis
776 1017 969 1109 exemplum
1005 1019 1041 1090 in
1072 1016 1246 1091 lavatione
1273 1014 1398 1110 pedum

378 1153 618 1246 discipulorum
647 1151 848 1243 ostendisae3
875 1151 949 1226 sive
975 1153 1083 1226 mavis
1116 1151 1182 1227 hoo
1207 1156 1291 1225 ante
1319 1171 1398 1226 coe-

378 1307 455 1361 nam
483 1287 539 1360 vel
566 1291 646 1378 post
671 1284 797 1359 laetum
823 1284 941 1377 luisse,
970 1291 1009 1360 nt
1036 1286 1203 1380 quaedam
1232 1285 1393 1381 expositio

376 1421 486 1495 innuit
523 1442 627 1513 super
660 1419 753 1494 illarn
796 1421 951 1495 litteram
988 1419 1173 1511 Evangelii
1208 1419 1392 1496 Johannis:

376 1551 431 1629 Et
456 1552 565 1656 sacra,
580 1577 685 1630 coeno
710 1555 863 1630 surressit
890 1559 971 1647 eto,
998 1556 1071 1641 sive
1099 1559 1214 1629 autem
1231 1556 1297 1628 hoe
1314 1561 1392 1630 ante

377 1690 433 1764 vel
460 1695 539 1782 post
563 1688 693 1764 lactum
719 1688 832 1782 rueris,
860 1710 983 1782 parurn
1000 1689 1126 1798 relert3
1153 1689 1215 1763 sed
1241 1689 1307 1762 hoe
1338 1689 1395 1764 vel

376 1824 464 1897 seire
498 1824 618 1916 juvat,
658 1824 748 1916 qnod
787 1823 1020 1899 diversitatem
1056 1824 1125 1897 loel
1158 1822 1267 1896 adhuc
1292 1821 1395 1896 hodie

383 1957 568 2049 descriptio
601 1957 651 2030 rei
683 1963 802 2047 gestae
833 1959 869 2032 in
902 1958 1087 2032 eeclesia
1118 1956 1271 2031 montis
1298 1954 1395 2028 Sion

376 2090 494 2163 innuit.
549 2088 638 2161 Nam
671 2089 867 2164 insinistra
898 2095 998 2182 parte
1030 2089 1183 2182 ejusdem
1217 2087 1393 2176 ecelesiae,

376 2223 409 2294 in
437 2223 513 2294 loco
541 2222 719 2313 superiori,
748 2222 883 2314 depicta
909 2227 1056 2315 apparet
1084 2242 1210 2313 coena,
1248 2223 1282 2293 in
1308 2217 1394 2293 inie-

375 2355 470 2444 riori,
500 2353 629 2426 scilieet
651 2353 685 2424 in
703 2359 831 2446 crypta,
859 2355 990 2428 lavatio
1008 2355 1135 2445 pedum
1153 2354 1394 2446 discipulorum

376 2485 569 2560 ostenditur
596 2484 758 2564 exhibita.

315 2810 319 2816 .
376 2750 404 2815 8.
437 2748 549 2816 Oratio
567 2746 689 2814 dhrlstl
711 2748 746 2814 ln
765 2747 982 2856 dathaemane,
1006 2748 1130 2834 oapolla
1152 2762 1394 2825 sunewerda,

442 2852 576 2921 anlasla
598 2853 787 2936 salvatoris,
811 2854 898 2922 loons
921 2855 1127 2939 proditionis.

455 3016 519 3089 His
566 3017 682 3110 itaque
729 3021 968 3093 consummatis
1007 3018 1191 3112 mysteriis,
1216 3016 1394 3122 ¹orationis

376 3171 476 3224 caum
501 3171 577 3224 curn
605 3150 774 3244 discipulis
800 3154 870 3227 suis
898 3153 1068 3229 rediitad
1085 3156 1235 3225 montem
1254 3147 1392 3241 oliveti,

376 3284 410 3356 in
438 3285 533 3376 cujus
559 3285 686 3357 montis
712 3286 800 3376 pede
827 3293 864 3360 et
890 3287 1059 3374 accubitu,
1096 3285 1267 3357 dimittens
1295 3285 1393 3357 disei-

377 3419 476 3510 pulos
516 3437 610 3509 snos,
652 3419 744 3492 solus
784 3421 922 3494 senessit
949 3422 991 3493 ab
1019 3421 1086 3509 eis,
1130 3424 1292 3510 qnantum
1319 3424 1394 3490 erat

370 3551 484 3642 jactus
517 3551 657 3642 lapidis,
690 3553 819 3626 scilicet
848 3553 1144 3631 Gethsemane.
1201 3549 1322 3624 Oravit
1348 3550 1392 3622 ad

374 3689 644 3780 patrensium,
674 3686 799 3761 dicens:
853 3685 981 3779 Pater,
1011 3688 1044 3760 si
1072 3684 1152 3776 fieri
1172 3688 1285 3777 potest
1314 3688 1389 3774 eto,
