3368 4650
341 511 508 581 144λ

338 697 441 784 ceput
466 694 639 760 mortuum
665 685 788 778 ubique
816 684 958 776 depingi
986 682 1030 754 od
1056 681 1166 774 pedes
1191 681 1358 774 crucifixi3

337 823 400 897 sed
426 819 511 892 nihil
538 823 592 891 est
617 817 718 907 uliud,
747 817 859 891 Adam
886 816 921 887 in
948 813 1111 905 sanguine
1132 812 1258 890 Christi
1272 814 1358 908 bsp-

337 956 496 1045 tinctum,
534 950 628 1046 qussi
659 971 723 1043 per
754 949 955 1040 sanguinem
987 944 1112 1023 Christi
1152 948 1355 1045 redemtum,

335 1110 410 1164 cum
437 1088 473 1160 in
500 1085 642 1158 Hebron
669 1083 844 1174 scripture
870 1081 999 1155 referet
1027 1102 1105 1156 eum
1131 1081 1218 1158 fuise
1244 1085 1356 1181 sepul·

336 1229 420 1301 tum.
475 1218 544 1291 Per
570 1217 756 1291 deformem
783 1223 897 1291 antem
925 1216 1070 1291 hominis
1097 1217 1238 1313 faciem,
1267 1242 1355 1314 quoe

334 1354 423 1428 solet
451 1350 577 1444 opponi
604 1351 720 1426 subtus
745 1351 791 1425 sd
817 1352 924 1445 pedes
938 1350 1098 1447 crucifixi,
1126 1375 1219 1429 mors
1241 1357 1354 1450 potins

334 1494 373 1561 et
399 1487 475 1582 ejus
502 1485 688 1559 destructio
715 1456 943 1578 designetur.=
970 1486 1068 1562 Unde
1095 1488 1276 1565 Dominus:
1322 1487 1353 1562 0

333 1644 427 1698 moro
454 1643 512 1696 ero
539 1641 633 1694 mors
658 1624 729 1712 tuo,
757 1620 794 1693 id
821 1624 887 1713 est,
916 1623 1103 1697 destructio
1129 1629 1200 1696 tus
1238 1623 1353 1698 Locum

336 1756 473 1850 quidem
500 1753 676 1827 &luente
712 1759 764 1826 est
790 1754 835 1828 cd
874 1756 1028 1832 dextrum
1041 1757 1089 1829 .in
1115 1757 1256 1832 introitu
1281 1777 1353 1830 mo·

328 1890 417 1984 jonis
445 1887 623 1979 ccclesiae,
651 1889 686 1960 in
718 1889 813 1983 cnjus
839 1871 1008 1982 superiori
1033 1895 1136 1983 purte
1163 1869 1353 1966 scissura

333 2017 489 2116 ejusdem
523 2025 673 2110 petrae
706 2023 851 2096 celebris
879 2042 956 2094 cum
988 2043 1112 2114 magns
1138 2023 1351 2097 solemnitate

333 2158 519 2228 veneretur
553 2158 588 2223 et
613 2153 723 2227 adhuc
755 2154 857 2227 hodie
885 2156 1142 2230 advenientibus
1175 2153 1351 2228 manifeste

332 2285 533 2359 ostenditur.
578 2283 712 2358 Eodem
744 2306 826 2376 pars
862 2289 1019 2380 superior
1051 2291 1182 2380 optimo
1216 2288 1349 2359 musivo

332 2437 436 2514 opere
470 2417 611 2508 pulchre
646 2416 797 2510 depiote;
840 2422 1038 2494 continetur
1076 2422 1189 2512 passio
1223 2417 1347 2493 Christi

331 2558 368 2627 et
413 2551 490 2644 ejus
533 2549 705 2643 sepultura
749 2572 825 2624 cum
872 2553 1118 2647 prophetarum
1159 2553 1349 2627 testimonio

329 2689 450 2776 gesue
478 2684 530 2759 rei
557 2683 713 2758 hincinde
740 2704 900 2758 consono.

410 2816 521 2909 Note,
557 2817 651 2909 qnod
683 2817 717 2889 in
753 2818 876 2890 eodem
910 2817 1004 2909 ioco,
1034 2819 1106 2891 sive
1135 2837 1219 2890 crux
1244 2815 1349 2890 fuerit

328 2935 430 3022 infixo
470 2949 504 3021 in
544 2945 701 3024 rotundo
731 2950 915 3042 foramine,
958 2950 1050 3042 quod
1087 2950 1196 3022 sdhuc
1229 2954 1347 3042 potens

329 3081 522 3156 ostenditur
549 3089 585 3156 et
611 3084 646 3155 in
674 3082 766 3176 quod
795 3083 985 3156 oblationes
1009 3083 1233 3156 immittentur
1260 3079 1344 3154 tide·

330 3215 424 3306 lium,
453 3216 526 3289 sive
553 3216 588 3287 in
615 3221 715 3307 parte
744 3236 794 3307 ea,
834 3215 891 3289 ubi
926 3215 1050 3287 hostile
1086 3215 1260 3308 cujusdam
1289 3234 1344 3287 ro-

329 3347 427 3421 tundi
455 3346 576 3440 lapidis
606 3355 756 3422 erectum
785 3346 986 3438 ostenditur,
1023 3351 1063 3420 ut
1091 3348 1227 3439 qnidam
1255 3369 1346 3422 osso

329 3486 421 3573 runt,
452 3487 487 3552 et
514 3480 669 3574 utplus,
706 3482 797 3574 quod
830 3479 874 3554 od
902 3481 985 3554 situs
1012 3481 1214 3573 positionem
1241 3480 1345 3555 etad

329 3613 501 3705 sanguinis
530 3634 572 3685 ex
600 3613 720 3687 dextro
748 3615 859 3687 latere
887 3614 931 3686 cd
959 3614 1080 3687 riman
1099 3619 1221 3705 petrae
1243 3614 1344 3687 emis·

329 3749 471 3839 sionem,
501 3766 683 3855 congruum
711 3751 748 3820 et
775 3746 936 3820 idoneum
965 3768 1040 3819 esse
1071 3746 1216 3838 videtur,
1244 3747 1345 3819 socios
