3368 4650
383 521 427 589 64

383 721 550 792 mergere,
579 704 746 771 venerunt
772 701 817 771 ad
834 698 1324 793 praedictamcaesaream,
1345 702 1403 774 ubi

382 833 508 906 Petras
548 830 634 903 meli
673 830 821 920 claviger
859 830 971 903 suetus
1010 837 1074 902 est.
1136 829 1316 903 Iutruutes
1355 831 1404 904 iii

381 963 560 1038 eeclesiam
586 961 747 1034 uiderunt
772 967 924 1035 statuum
953 957 1106 1034 Christi)
1136 959 1199 1033 Ad
1225 965 1402 1052 eujussut

381 1097 461 1171 diuo
487 1096 621 1192 positae
646 1094 768 1189 pedem
794 1095 898 1167 herba
925 1094 1159 1170 admirandae
1173 1097 1311 1172 auare
1335 1099 1402 1172 otei

381 1230 566 1318 oriebatur,
594 1228 639 1300 de
665 1250 732 1320 quo
759 1228 811 1301 sie
836 1230 873 1300 ia
901 1228 1132 1304 eedesiastieu
1145 1231 1291 1306 tumr-ia
1317 1233 1399 1325 tepi-

378 1368 448 1434 tur.
505 1359 711 1450 Mulierem,
746 1385 851 1456 quam
884 1363 1067 1461 saupuiuis
1099 1364 1271 1461 profluuio
1306 1366 1397 1441 labo-

379 1500 513 1569 rautem
527 1500 720 1584 curaverat,
748 1495 855 1585 hujus
881 1496 977 1569 urbis
1003 1496 1119 1584 fuisse
1132 1499 1240 1594 ciuem
1256 1506 1396 1574 amur.

380 1628 455 1702 Pro
482 1627 605 1725 (prae)
632 1627 765 1718 faritius
798 1653 877 1703 uero
906 1630 1028 1704 dmuus
1055 1625 1220 1721 ejusdem
1243 1632 1399 1705 mulieris

381 1762 475 1835 basis
502 1762 675 1856 quaedam
701 1763 740 1835 iu
767 1763 838 1837 toea
866 1763 1005 1837 editiori
1031 1764 1197 1836 eottoeata
1225 1772 1397 1838 amastra-

378 1885 447 1984 tur,
475 1895 513 1966 iu
541 1917 612 1988 qua
638 1895 794 1968 mutieres
820 1897 952 1991 ipsius,
990 1894 1080 1966 uelut
1104 1894 1248 1985 pertibus
1273 1919 1395 1990 praua

377 2027 470 2100 tutae
505 2026 710 2122 palmasque
735 2029 939 2122 suppliciter
965 2026 1145 2115 tendentis,
1182 2025 1294 2117 imapo
1316 2050 1395 2100 aere

375 2180 541 2253 expressa
568 2159 714 2231 sidetem
769 2158 899 2231 Adstat
926 2159 1001 2231 atie
1027 2164 1144 2230 statua
1178 2181 1259 2230 uere
1290 2158 1396 2232 attrita

376 2292 491 2363 mimus
516 2292 614 2380 susa,
643 2290 739 2362 auttu
766 2295 797 2360 et
816 2290 934 2362 habitu
952 2289 1096 2362 Domini
1117 2296 1208 2363 ueste
1220 2289 1395 2379 fimbriata

376 2422 583 2496 circumdati
608 2423 833 2514 dextramque
857 2424 1069 2518 porripeutis
1097 2429 1295 2520 prostratae
1321 2446 1395 2494 mu·

375 2558 464 2630 lieri.
507 2554 569 2627 Ad
595 2557 717 2651 pedem
744 2562 859 2628 autem
885 2558 998 2629 uiritis
1024 2561 1161 2629 statuae
1173 2556 1276 2628 terta
1290 2579 1395 2648 quae-

373 2690 457 2763 dam
483 2713 592 2763 nouae
618 2689 745 2784 spetiei
771 2712 790 2761 e
815 2689 998 2783 praedicta
1012 2689 1088 2763 basi
1114 2690 1289 2762 uaseeuda
1316 2711 1394 2760 sur-

371 2824 434 2914 pit,
464 2828 496 2895 et
522 2822 632 2898 donee
655 2822 828 2912 duritiam
842 2823 1032 2894 vestimenti
1043 2823 1132 2895 Jesa
1144 2827 1275 2912 taupat,
1304 2843 1393 2892 eres-

373 2978 449 3027 cere
475 2978 544 3029 nau
570 2955 706 3028 desiuit.
751 2953 865 3044 Quam
899 2978 977 3028 eum
1003 2977 1135 3027 summa
1150 2955 1273 3026 uertice
1300 2976 1390 3026 eres-

372 3110 451 3161 aeus
483 3087 589 3160 herba
616 3088 812 3179 -eeutiperit,
847 3088 939 3161 uires
972 3087 1055 3158 iude
1089 3088 1138 3159 ad
1171 3086 1388 3182 depellendos

372 3242 488 3293 omues
521 3220 656 3292 morbos
695 3222 890 3313 conquirit,
909 3222 959 3293 ita
992 3225 1031 3290 ut
1064 3242 1286 3313 quaeeunque
1324 3220 1388 3292 itta

367 3353 477 3440 fuerit
502 3351 699 3441 iufirmitas,
727 3352 848 3458 hausto
862 3354 984 3443 euipuo
1004 3352 1195 3441 madefacti
1220 3353 1388 3425 satutaris

367 3486 551 3576 prumiuis,
580 3484 794 3580 depdtatur;
819 3486 908 3558 aiiii
935 3485 1071 3558 mutuo
1099 3487 1226 3559 uirium
1250 3510 1384 3578 pereas,

369 3618 413 3707 si,
442 3623 627 3710 autequam
654 3641 776 3692 aereae
791 3617 950 3707 fimbriae
963 3621 1193 3694 summitatem
1207 3620 1386 3694 ereseeudo

371 3751 563 3842 eautiperit,
591 3750 809 3847 decerpatur.
837 3752 945 3826 Hane
971 3751 1168 3842 Eusebius,
1196 3758 1387 3852 temporum
