3368 4650
404 509 571 578 160·

398 685 569 766 Jobnnnis
602 686 782 759 ecclesiam
822 693 875 760 est
907 685 1156 759 coenobium
1195 688 1420 761 sanctimo-

398 820 569 893 nialinm
594 817 630 889 in
658 816 822 889 honorem
848 824 987 890 sanetae
1014 816 1148 889 Mariae
1172 823 1415 911 constructum,

399 958 435 1025 et
463 950 619 1024 estsere
647 949 845 1037 contiguum
871 950 905 1022 in
933 950 1044 1043 capite
1058 970 1134 1023 cnm
1147 948 1420 1047 aedificiisprac·

397 1085 490 1165 fatae
519 1082 681 1156 eeclesiae
709 1088 917 1173 vocaturque
944 1082 998 1153 ad
1023 1089 1212 1157 sanctam
1239 1083 1419 1159 Mariam

396 1219 615 1309 majorem.
662 1213 740 1286 Non
774 1214 877 1304 longe
911 1215 1047 1308 abhinc,
1083 1217 1119 1289 in
1147 1217 1269 1292 eodem
1297 1221 1417 1293 ordine

397 1351 552 1445 ejusdcm
578 1349 723 1441 plateae,
753 1352 807 1419 est
834 1348 1086 1424 coenobium
1101 1351 1415 1447 monachornm,

395 1486 478 1557 item
511 1482 746 1564 inhonorem
779 1488 919 1555 mnctae
954 1482 1085 1558 Mariae
1120 1492 1354 1560 constructum
1381 1494 1417 1560 ct

251 1669 253 1674 r
394 1624 540 1692 vocatur
582 1616 634 1689 ad
675 1618 866 1688 sanctam
905 1614 1082 1691 Marium
1118 1613 1316 1710 latinam,
1356 1621 1415 1693 ubi

394 1755 486 1826 testa
513 1750 569 1823 nel
597 1755 699 1844 caput
725 1748 833 1822 sancti
868 1748 1017 1845 Philippi
1050 1754 1196 1847 apostoli
1230 1754 1264 1825 in
1291 1773 1415 1843 magna

314 1896 317 1903 '
394 1884 617 1959 veneratione
644 1883 806 1972 babetur,
844 1888 881 1953 et
909 1884 1012 1956 etiam
1039 1906 1115 1958 cnm
1142 1885 1325 1959 devotione
1351 1884 1414 1957 ad·

392 2016 607 2091 venientibus
636 2019 671 2086 et
697 2014 732 2086 id
760 2015 1010 2109 postulantibus
1036 2018 1242 2090 ostenditur.

429 2200 431 2204 ι
472 2147 578 2222 Juxta
604 2148 696 2219 illam
725 2148 883 2242 plateam,
913 2168 999 2240 quae
1026 2169 1047 2221 a
1073 2156 1174 2242 porta
1193 2150 1306 2222 David
1333 2170 1412 2221 ver-

391 2304 450 2355 sus
484 2279 649 2375 templum
689 2299 755 2373 per
788 2278 988 2353 descensum
1027 2280 1201 2371 dirigitur,
1235 2283 1270 2354 in
1304 2282 1411 2354 latere

392 2415 529 2505 dextro,
556 2433 663 2505 prope
690 2412 812 2483 turrim
838 2410 949 2484 David
983 2421 1035 2486 est
1060 2414 1311 2487 coenobium
1338 2433 1412 2485 mo-

391 2547 577 2619 nachorum
604 2566 818 2619 armenorum
857 2546 892 2616 in
924 2547 1053 2620 honore
1086 2547 1225 2631 sancti
1258 2545 1408 2636 Sabae,

391 2679 524 2753 abbatis
551 2678 836 2768 reverendissimi,
865 2699 930 2768 pro
951 2699 1017 2770 quo
1032 2681 1132 2753 etiam
1147 2679 1259 2751 adhuc
1273 2680 1410 2750 vivente

390 2815 493 2886 beata
507 2814 606 2901 virgo
621 2811 743 2901 Maria,
754 2813 864 2883 multa
880 2810 963 2883 fecit
979 2813 1152 2902 miracula,
1168 2815 1407 2882 constnrctum.

389 2946 539 3036 Ibidem,
578 2966 645 3017 non
681 2946 783 3033 longe
825 2944 965 3036 abhinc,
1006 2965 1070 3037 per
1096 2943 1292 3015 descensum
1306 2943 1409 3021 ultra

387 3080 489 3151 aliam
522 3079 673 3171 plateam
707 3084 760 3150 est
795 3097 920 3166 magna
955 3076 1141 3151 ecclesia
1181 3075 1408 3147 inhonorem

387 3211 529 3284 sancti
561 3209 712 3284 Jacobi
744 3210 885 3302 maJ‘oris
918 3215 1128 3297 constructa,
1162 3209 1224 3280 ubi
1250 3210 1405 3280 monachi

387 3344 544 3417 habitant
570 3344 711 3433 armeni,
742 3349 778 3415 et
805 3343 935 3416 habent
963 3345 1065 3416 etiam
1092 3341 1220 3414 ibidem
1247 3362 1405 3432 magnum

386 3477 556 3569 hospitale
581 3496 645 3569 pro
672 3475 870 3565 colligendis
902 3477 1106 3567 pauperibus
1140 3496 1224 3548 snae
1248 3475 1402 3565 linguae.

384 3610 436 3683 Ibi
470 3631 607 3703 quoque
642 3612 678 3682 in
715 3630 840 3700 magna
876 3608 1093 3682 veneratione
1129 3609 1277 3682 habetur
1314 3614 1404 3680 testa

385 3741 540 3836 eJusdcm
567 3742 727 3837 apostoli3
754 3742 819 3812 fuit
847 3743 934 3813 euim
961 3743 1005 3814 ab
1033 3742 1174 3816 Herode
1204 3741 1399 3832 decollatus,
