3368 4650
340 451 405 516 120

337 633 431 720 mini,
459 629 659 722 adjicientes
692 629 758 703 hoc
789 629 834 703 de
862 630 1119 705 circumcisione
1146 628 1238 720 ejus,
1267 646 1357 718 quae

337 765 428 836 lacta
460 768 513 836 est
544 764 771 855 intemplo
804 764 971 838 Domini
1005 738 1128 836 octavo
1163 760 1236 851 die,
1264 758 1355 852 quod

338 900 424 991 ipsa,
454 897 605 991 quamvis
631 897 666 968 in
694 917 737 969 en
769 866 883 970 carnis
915 895 1073 972 abscissio
1106 893 1356 985 depositionem

340 1032 500 1105 vitiorum
526 1031 560 1102 in
588 1031 756 1104 mentibus
771 1029 918 1104 aliorum
935 1029 1114 1122 significet,
1132 1018 1257 1119 tamen,
1275 1027 1356 1119 quin

338 1165 383 1237 ad
410 1171 506 1238 vetus
533 1169 774 1238 testamentum
791 1163 951 1259 pertinet,
980 1165 1015 1235 in
1033 1183 1075 1236 eo
1094 1161 1355 1236 cousummatio-

337 1319 414 1370 nem
457 1296 639 1388 accipiens,
681 1319 703 1370 a
745 1295 847 1370 modo
889 1316 1023 1370 cessare
1062 1294 1197 1370 debeat.
1261 1295 1355 1371 Inter

336 1434 552 1504 sacramenta
578 1430 656 1502 novi
674 1430 870 1504 testamenti
885 1430 1098 1504 circumcisio
1126 1451 1194 1504 non
1221 1451 1356 1525 compu-

338 1569 444 1657 tatur,
480 1583 541 1636 neo
567 1564 718 1654 pertinet
745 1562 789 1637 ad
823 1564 963 1657 aliquod
995 1570 1130 1658 septem
1157 1565 1353 1657 sigillorum.

336 1698 430 1771 Sicut
452 1700 524 1792 jam
552 1699 706 1790 diximus,
734 1699 900 1773 Dominus
927 1706 1046 1774 noster
1071 1700 1174 1774 lesus
1200 1697 1354 1773 Christus

335 1837 493 1905 amatre
520 1854 582 1906 sua
608 1833 642 1904 in
669 1833 797 1925 templo
811 1838 865 1908 est
879 1839 1164 1927 repraesentatus,
1192 1837 1354 1924 receptus

334 1966 377 2036 ab
406 1965 492 2038 ulnis
519 1966 611 2038 beati
639 1964 805 2040 Simeonis
831 1967 954 2056 spiritu
978 1964 1179 2057 prophetico
1206 1964 1354 2036 infereu-

333 2097 392 2169 tis:
427 2096 534 2168 Nono
560 2096 705 2170 dimittis
731 2118 869 2170 servm
882 2102 990 2184 tuum,
1019 2095 1176 2184 Dareine,
1206 2101 1270 2167 ete.
1311 2096 1352 2167 In

333 2228 461 2322 templo
488 2228 650 2301 Dominus
677 2234 797 2300 noster
823 2227 925 2301 Jesus
952 2226 1107 2300 Christus
1136 2228 1209 2320 jam
1242 2227 1353 2320 major

273 2443 277 2457 Ι
332 2362 457 2452 lactus,
487 2360 566 2433 dum
592 2365 788 2432 moraretur
802 2359 1005 2453 Jerusalem,
1035 2361 1139 2435 etiam
1166 2360 1353 2434 duodennis

332 2493 530 2588 disputabat
558 2515 635 2566 cum
658 2493 795 2587 judaeis
824 2500 859 2568 et
873 2493 1020 2569 docebat
1035 2515 1206 2587 eossaepe
1220 2500 1350 2586 postea,

331 2628 412 2700 licet
450 2648 528 2699 eum
565 2628 643 2699 odio
687 2627 892 2703 habuerunt.
952 2628 992 2700 In
1036 2629 1165 2718 templo
1200 2627 1353 2700 laudavit

330 2783 450 2834 munus
482 2761 660 2852 pauperis,
696 2761 787 2853 quod
820 2763 855 2834 in
892 2762 1172 2853 gazophylazinm
1199 2763 1349 2851 miserat,

334 2894 413 2986 quia
439 2900 557 2987 totum,
587 2895 676 2987 quod
704 2895 864 2986 habebat,
894 2895 1050 2970 dederat.
1107 2894 1217 2985 Super
1236 2895 1351 2984 pinna

330 3029 443 3100 culum
472 3029 599 3121 templi,
629 3028 720 3120 quod
747 3033 928 3120 reputatur
955 3049 1059 3121 supra
1085 3028 1174 3100 latus
1201 3027 1348 3119 sumtus,

331 3160 468 3257 habens,
486 3163 603 3237 subtus
629 3184 667 3237 se
686 3163 864 3254 fenestras,
894 3163 990 3254 quasi
1005 3163 1127 3252 pinnas
1142 3159 1197 3232 vel
1224 3161 1348 3253 cinnas,

329 3295 452 3365 statuit
484 3293 599 3368 Jesum
633 3296 801 3386 diabolus,
845 3299 900 3385 et,
942 3296 1048 3368 tertio
1088 3315 1165 3366 eum
1208 3299 1350 3386 propter

197 3435 201 3443 '
328 3425 535 3517 baptismum
557 3433 592 3500 et
614 3427 783 3520 jejunium
811 3432 962 3517 tentans,
992 3428 1089 3500 dixit:
1116 3423 1265 3516 Sifidius
1278 3426 1349 3502 Dei

328 3582 381 3649 es,
430 3561 523 3632 mitte
570 3566 602 3632 te
643 3560 814 3634 deorsum.
875 3561 915 3633 In
954 3561 1081 3654 templo
1114 3561 1250 3632 Domini
1283 3557 1345 3642 xl,

331 3693 464 3769 kalend.
504 3693 671 3769 decembis
707 3695 829 3770 dicitur
865 3696 966 3771 beata
1003 3696 1100 3785 virgo
1127 3692 1250 3787 Maria,
1274 3696 1346 3788 jnm
