3368 4650
336 508 403 574 228

336 687 473 761 demum
499 687 603 777 regis.
642 686 803 765 Ducebat
830 695 945 766 autem
972 688 1016 764 ed
1042 686 1174 763 iontem
1201 686 1293 761 siloe
1321 688 1358 756 et

336 817 382 891 ed
406 816 534 893 vellem
560 819 706 895 filiorum
731 823 857 899 Euuon
894 832 930 899 et
955 823 1000 899 ad
1026 822 1157 897 iontem
1182 815 1296 910 Regel
1323 819 1361 889 et

337 949 381 1025 ed
407 970 531 1041 ugrum
557 952 815 1033 Acheldemach.
872 959 950 1034 Nou
977 955 1091 1050 credo,
1120 953 1214 1048 quod
1241 950 1360 1046 plures

336 1088 456 1178 portes
482 1085 562 1177 ipsa
588 1087 707 1162 civiter
734 1090 905 1186 hebuerit
935 1093 1016 1186 quie
1041 1088 1231 1166 secuudum
1257 1082 1359 1158 situm

335 1239 434 1292 suum
466 1218 586 1310 plures
618 1240 686 1294 nou
721 1229 819 1296 eraut
852 1227 1076 1301 necessariae.
1139 1218 1357 1299 Celebriores

336 1357 451 1425 temen
485 1354 522 1424 iu
556 1352 609 1427 his
635 1362 714 1427 suut
741 1360 814 1431 tres
848 1359 957 1433 exitus
990 1364 1183 1452 portarum,
1223 1352 1358 1430 scilicet

292 1574 294 1578 ᾗ
335 1484 456 1578 primu,
485 1486 591 1560 tertie
618 1492 654 1559 et
673 1494 796 1579 quarte
822 1492 914 1564 inter
941 1499 1017 1566 octe
1039 1493 1111 1587 jem
1128 1491 1355 1566 enumeratus.

334 1617 368 1691 A
393 1618 537 1693 meridie
565 1626 678 1694 cutem
710 1627 747 1693 et
779 1623 936 1715 aquilone
963 1628 1089 1700 montis
1122 1626 1204 1700 Sion
1232 1639 1354 1712 super·

335 1750 450 1824 cilium
483 1756 721 1845 supereminet
755 1755 904 1849 civitati,
934 1765 970 1831 et
996 1780 1038 1834 eu
1072 1780 1153 1852 pars
1179 1772 1356 1830 murorum

306 1901 308 1906 ’
333 1885 579 1977 circumpositis
597 1888 748 1962 turribus
772 1889 882 1964 nullas
900 1891 1028 1965 hebere
1048 1896 1167 1982 pertus
1194 1904 1353 1977 compro-

332 2016 444 2091 betur.

410 2149 502 2224 Ecce
517 2150 636 2226 civItes
662 2155 755 2244 regis
774 2156 900 2247 magui,
921 2176 1022 2247 quem
1042 2155 1224 2229 universae
1247 2148 1355 2222 eecle-

331 2284 403 2358 siae
429 2303 617 2379 personare
649 2307 716 2358 nen
751 2286 939 2362 sufficiunt:
977 2289 1010 2360 iu
1046 2290 1144 2381 cujus
1177 2300 1353 2356 murorum

334 2417 463 2489 ambitu
505 2418 682 2509 octoginta
722 2426 809 2515 tres
826 2425 940 2494 turres
979 2428 1015 2495 et
1050 2425 1184 2513 septem
1222 2413 1355 2488 munite

194 2561 202 2570 ’
332 2527 627 2642 castrametari,
664 2573 807 2644 quorum
834 2555 979 2644 vestigia
1005 2554 1145 2626 maxime
1179 2549 1223 2620 ed
1251 2542 1351 2633 aqui-

330 2684 442 2757 lonem
468 2683 584 2756 adhuc
611 2691 691 2758 sunt
716 2684 905 2758 manifesta.
962 2686 1123 2779 Sequitur

329 2909 414 2977 orco
452 2909 725 2995 peregrinationis
760 2909 909 2977 civitatis
937 2907 1111 2977 Jerusalem
1148 2907 1182 2973 et
1211 2901 1351 2972 eliorum

698 3015 839 3084 locorum
861 3016 986 3084 ibidem.

407 3214 508 3287 Foris
535 3214 736 3307 templum
764 3215 981 3307 sepulchri
1008 3212 1112 3286 sancti
1141 3212 1176 3283 in
1204 3206 1349 3302 planitie

329 3346 491 3420 circuitus
518 3354 600 3423 suut
620 3355 768 3439 quatuor
783 3349 945 3441 capellae.
981 3346 1119 3419 Prima
1141 3367 1169 3452 =a
1195 3339 1346 3430 mnismis,

328 3501 406 3554 cum
434 3481 620 3577 egreditur,
652 3488 705 3555 est
732 3481 897 3575 capella
923 3481 1071 3554 beatae
1098 3473 1279 3567 virginis
1306 3477 1348 3543 et

327 3616 461 3688 sancti
489 3612 699 3688 iohannis
725 3615 985 3706 Evangelistue3
1013 3634 1090 3686 nem
1117 3609 1245 3683 ibidem
1275 3609 1347 3676 ste·
1389 3635 1396 3647 ·

326 3753 443 3822 terunt
469 3749 559 3822 hora
594 3747 828 3823 crucifixionis.
886 3745 1077 3821 Secunde
1108 3742 1262 3834 proxime
1296 3741 1347 3808 est
