3368 4650
1326 583 1371 650 93

345 770 439 868 copia
472 779 509 847 et
541 772 673 865 reliquo
707 769 851 863 populo,
886 771 928 840 at
960 753 1129 840 illuminet
1162 766 1229 840 sibi
1264 785 1370 838 unus·

346 911 489 1003 quisque
516 911 550 983 in
578 909 647 983 suis
673 906 768 981 locis.
823 902 890 976 Hic
916 909 1031 976 autem
1051 901 1248 995 patriarcha
1265 921 1367 975 roca·

344 1045 447 1119 batur
479 1041 708 1129 Theodosius,
751 1039 811 1130 qui
846 1037 891 1111 ob
925 1037 1082 1111 meritum
1104 1028 1312 1109 'devotionis
1346 1058 1368 1109 a

342 1177 529 1249 christiams
557 1180 610 1244 est
637 1179 752 1262 raptus
780 1169 823 1243 de
835 1192 897 1270 suo
909 1170 1126 1280 monasterio,
1156 1170 1248 1262 quod
1263 1170 1367 1244 distat

340 1307 384 1379 ab
395 1305 588 1378 Jerusalem
605 1301 672 1372 XV
687 1301 805 1388 miliia,
830 1309 867 1374 et
883 1303 929 1374 ibi
948 1303 1143 1392 patriarcha
1163 1291 1366 1378 constitutus

342 1456 446 1527 super
474 1453 593 1504 omnes
621 1432 836 1521 christianos,
867 1435 925 1523 qui
952 1435 1091 1507 suntin
1119 1442 1216 1509 terra
1242 1459 1364 1528 repro

337 1565 513 1639 missionis.
557 1563 653 1633 Inter
678 1562 870 1653 praedictas
896 1565 1001 1653 igitur
1028 1567 1101 1638 1111
1121 1570 1283 1641 eeclesias
1310 1578 1364 1645 est

337 1696 564 1789 paradisus
590 1695 662 1765 sine
691 1699 796 1780 tecto,
825 1695 920 1785 cujus
941 1697 1088 1784 parietes
1105 1718 1191 1769 auro
1210 1699 1361 1791 radiant;

335 1829 563 1921 pavimentum
608 1847 693 1897 vero
739 1823 852 1913 lapide
897 1829 1060 1899 sternitur
1099 1831 1358 1930 pretiosissimo,

335 1960 465 2032 habens
490 1960 525 2030 in
551 1957 664 2030 medio
690 1956 741 2028 sui
760 1956 937 2027 confinium
956 1958 1250 2054 Humanarum,
1272 1988 1361 2058 quae

335 2092 474 2164 veniunt
501 2112 523 2163 a
548 2091 733 2182 praedictis
761 2090 832 2162 1111
863 2088 1030 2162 ecclesiis:
1064 2093 1098 2163 in
1131 2116 1199 2185 quo
1233 2097 1360 2173 dicitur

333 2224 492 2298 medios
519 2245 596 2297 esse
623 2224 808 2295 mundus.

420 2362 478 2430 ll.
523 2357 588 2430 Est
627 2363 808 2449 praeterea
844 2357 877 2426 in
912 2357 984 2447 ipsa
1017 2357 1159 2432 civitate
1192 2365 1259 2435 alia
1292 2387 1355 2439 eo·

333 2491 467 2564 elesia
500 2491 542 2563 ad
571 2490 764 2577 meridiem,
795 2489 828 2560 in
856 2497 970 2562 monte
998 2489 1111 2581 Sion,
1148 2517 1236 2586 quae
1270 2498 1355 2572 dici·

332 2631 391 2696 tur
415 2624 554 2695 sancti
583 2622 809 2711 Simeonis,
847 2621 905 2693 ubi
938 2622 1102 2697 Dominus
1136 2628 1219 2700 iavit
1245 2632 1353 2724 podes

330 2757 568 2848 discipulorum
595 2777 749 2828 suorum:
777 2755 811 2826 in
840 2774 908 2845 qua
934 2756 1061 2845 pendet
1083 2761 1203 2849 spinea
1226 2784 1353 2839 oorona

328 2889 474 2962 Domini.
537 2890 575 2961 ln
616 2890 679 2962 hae
714 2886 881 2960 defuncta
922 2889 1070 2961 traditur
1112 2913 1189 2966 esse
1232 2907 1352 2972 sancta

329 3022 449 3113 Maria,
474 3025 573 3115 juxta
600 3043 711 3115 quam,
741 3042 859 3094 uersus
877 3021 1058 3112 orientem,
1088 3030 1141 3097 est
1160 3029 1350 3107 ecclesia

327 3157 360 3229 in
387 3156 520 3228 honore
546 3157 685 3228 saneti
714 3154 920 3247 Stephani
956 3154 988 3224 in
1018 3155 1106 3247 loco,
1134 3161 1168 3233 io
1198 3184 1268 3254 quo
1297 3166 1347 3240 la.

326 3289 458 3382 piditas
497 3310 572 3360 usse
610 3289 784 3362 asseritur.
858 3289 892 3358 in
939 3287 1105 3363 directum
1144 3305 1260 3370 autem
1302 3301 1347 3373 ad

326 3423 494 3494 orientem
522 3430 576 3493 est
602 3422 790 3495 ecclesia
824 3423 857 3492 in
887 3421 1017 3492 honore
1049 3430 1191 3499 sancti
1220 3430 1346 3506 Petri

325 3556 468 3645 miodo,
498 3556 531 3627 in
560 3576 627 3645 quo
655 3556 836 3627 Dominum
865 3556 1013 3643 negavit.
1058 3557 1115 3628 Ad
1145 3563 1341 3652 aquilonem

325 3696 376 3759 est
419 3689 618 3779 tempium
659 3688 910 3778 Salomonis,
960 3686 1087 3760 habens
1135 3715 1344 3788 synagogam

323 3841 590 3894 amoenorum.
656 3822 712 3894 Ad
746 3823 921 3895 meridiem
953 3828 1031 3891 suot
1064 3832 1222 3913 portae
1261 3830 1345 3904 ier·
