3368 4650
329 431 398 498 248

330 606 426 702 regis
453 597 639 676 bonoridee
663 597 709 671 ad
731 593 942 669 oderendnm
965 595 1254 684 ornavernnbet
1272 591 1355 665 diei-

330 747 402 828 tur,
425 730 518 827 qnod
543 730 584 801 in
611 727 732 800 endem
759 727 946 800 cisterna
970 724 1099 797 stella
1125 724 1352 817 disparuit

331 864 468 943 Deinde
495 857 711 934 descenditur
737 878 802 950 per
833 861 879 929 16
908 855 1033 946 medus
1060 856 1107 929 ad
1134 857 1353 951 capellam,
1429 929 1433 936 .

332 1017 423 1092 quae
450 999 504 1070 est
528 991 591 1067 snb
619 989 741 1080 ehoro,
770 990 806 1060 in
832 1009 901 1081 qua
925 994 1054 1063 natus
1081 994 1135 1062 est
1160 990 1355 1065 salvator

331 1101 462 1206 mnndi.
516 1125 644 1199 Ibidem
670 1126 724 1197 est
749 1120 859 1195 altare
886 1141 907 1194 a
932 1123 1093 1214 emonis,
1132 1143 1209 1197 eum
1239 1124 1353 1218 ingre·

325 1228 436 1353 ditur,
464 1281 487 1333 a
513 1277 579 1350 qno
605 1275 671 1347 per
695 1260 828 1347 septem
853 1255 960 1348 pedes
985 1261 1024 1330 et
1050 1261 1126 1332 tres
1146 1258 1272 1348 gredm
1297 1265 1354 1336 est

331 1397 425 1468 loom
453 1391 516 1464 snb
542 1408 640 1481 rnpe,
668 1390 729 1461 nbi
756 1409 843 1482 puer
862 1387 887 1461 J
893 1409 989 1464 esns
1014 1391 1201 1466 reclinatus
1226 1391 1293 1467 init
1317 1395 1353 1467 in

331 1522 603 1618 praesepium
630 1527 665 1594 et
690 1522 900 1614 ibiamngis
919 1531 1102 1598 venerabis
1130 1530 1167 1599 et
1192 1547 1216 1599 a
1238 1532 1355 1620 pesle-

331 1659 429 1733 ribus
448 1656 618 1730 adoratos.
651 1654 753 1748 Nola,
770 1657 862 1749 qnod
882 1657 947 1731 boe
959 1658 1125 1751 templum
1149 1659 1185 1731 in
1204 1660 1354 1751 longitn-

331 1791 412 1864 dine
439 1789 482 1862 ab
509 1789 601 1862 intus
624 1787 729 1863 babet
747 1792 795 1862 36
815 1809 935 1881 passus
954 1790 1092 1882 pedum,
1120 1792 1157 1863 in
1175 1792 1354 1866 latiturdine

333 1942 417 1997 vero
450 1922 509 2010 18,
538 1926 574 1991 et
600 1919 705 1992 babet
727 1927 871 2012 quattuor
896 1924 987 2013 rigas
1007 1924 1240 2016 columnarum
1262 1942 1352 1996 mar·

331 2071 547 2141 morearnm,
585 2053 759 2142 quaelubet
785 2054 861 2144 riga
885 2053 991 2127 hebet
1019 2057 1067 2126 12
1089 2052 1263 2127 columnas
1288 2073 1354 2144 per

335 2190 359 2260 7
386 2184 495 2278 pedes
521 2183 685 2257 ostentes
710 2205 818 2276 mque
845 2186 890 2257 ad
916 2184 1071 2257 chorum:
1108 2185 1198 2257 omni
1224 2184 1350 2258 deeore

329 2322 401 2391 tam
435 2317 473 2388 in
504 2314 716 2405 parimento,
736 2336 853 2412 'qnam
891 2317 926 2388 in
964 2317 1154 2409 parielibus
1186 2317 1351 2409 fnleitnm,

330 2453 424 2523 tecto
450 2447 611 2540 plumbeo
638 2454 848 2539 coopertum,
876 2449 1115 2544 genealogiam
1136 2449 1262 2523 Christi
1289 2469 1352 2543 per

332 2581 466 2675 lapides
493 2581 634 2653 musivis
662 2602 798 2654 sursum
815 2582 959 2678 elabere
979 2583 1109 2672 dextro,
1138 2604 1213 2655 enm
1239 2583 1352 2674 ingre·

333 2712 439 2801 ditur,
468 2713 599 2786 babens
627 2714 845 2817 eonpietam3,
860 2713 985 2787 bifores
1013 2717 1090 2807 eJus
1118 2715 1163 2787 de
1189 2734 1350 2805 cypresso

330 2844 434 2917 variis
474 2844 618 2919 modulis
655 2846 801 2936 incisae,
838 2847 989 2936 parietes
1022 2846 1236 2919 collaterales
1270 2847 1351 2920 snb·

330 2975 424 3054 ducti
453 2981 538 3049 sunt.
551 2978 682 3066 tabulis
709 2978 928 3068 marmoreis,
963 2998 1051 3071 qnae
1078 2978 1171 3071 (per)
1198 2977 1349 3070 perfidos

329 3126 533 3181 samaeenos
560 3092 778 3200 auferuntur,
808 3116 845 3183 el
870 3115 927 3183 est
951 3109 1121 3199 mirabile,
1152 3108 1242 3201 qnod
1269 3130 1349 3183 eon-

328 3238 410 3327 tigit
446 3237 565 3311 eadem
598 3241 633 3311 in
669 3241 825 3314 eeclesia.
890 3225 977 3313 Nam
1004 3241 1143 3332 qnidam
1175 3242 1346 3336 soldanus,
1453 3225 1458 3232 ⁸

328 3368 474 3442 mirifica
490 3389 634 3443 cernens
650 3373 727 3466 ejus
741 3374 956 3464 tabnlnmiun,
972 3375 1140 3465 cogitarit
1159 3395 1200 3448 en
1213 3376 1348 3449 anferre

329 3507 367 3574 et
396 3501 561 3592 palatium
588 3522 671 3576 suae
698 3506 883 3578 mansionis
910 3508 945 3578 in
971 3507 1077 3580 Kairo
1109 3528 1175 3600 per
1201 3528 1243 3582 ea
1269 3508 1348 3581 snb

330 3632 456 3708 dooere
477 3637 513 3706 et
532 3654 664 3712 ornare.
698 3639 850 3712 Veniens
865 3640 969 3730 igitur
986 3640 1042 3715 die
1056 3646 1188 3717 statuto
1205 3659 1346 3714 unacum
