3368 4650
376 535 421 614 '88

314 915 317 922 ’
377 928 506 1000 xxm
539 924 736 1004 Jerusalem,
765 925 931 1004 seimus,
954 921 1089 992 aoolosta
1123 939 1221 1008 super
1255 921 1397 1006 puteum,

377 1035 435 1105 ubl
463 1033 615 1103 Dominus
644 1048 759 1118 aquam
787 1029 972 1116 postulavit
1001 1046 1023 1097 a
1054 1030 1276 1109 mutatura,
1308 1041 1399 1095 mous

682 1136 836 1218 tanaim,
859 1134 943 1205 villa
964 1150 1094 1222 magua.

457 1381 510 1455 Et
535 1382 616 1454 inde
644 1389 813 1457 venerunt
839 1388 964 1477 quarta
986 1385 1060 1460 vioe
1081 1383 1126 1458 ad
1146 1382 1397 1460 Jerusalem.

378 1508 428 1581 Et
453 1506 499 1580 ibi
526 1512 703 1581 manentes
729 1508 941 1602 aliquantum
974 1515 1125 1604 tempus,
1151 1502 1329 1584 'venerunt
1354 1503 1398 1575 ad

379 1643 498 1717 urbem
545 1642 804 1734 Sebastiam,
852 1663 941 1736 quae
987 1645 1083 1738 prius
1125 1648 1201 1715 orat
1246 1637 1399 1713 Samaria

379 1781 508 1849 vocata
562 1774 633 1849 Sed
659 1751 841 1870 postquam
867 1772 1285 1864 maceratorum,
1318 1789 1399 1842 con·

376 1907 555 1982 struebant
586 1908 713 1982 iterum
750 1931 855 1984 uuum
883 1909 1069 1997 castellum,
1104 1906 1163 1980 ubi
1198 1905 1293 1997 priua
1320 1907 1398 1975 erat

374 2040 541 2130 Samaria,
585 2046 620 2113 et
654 2042 824 2117 vocabant
856 2041 940 2115 iiiut
979 2038 1155 2114 castellum
1193 2035 1394 2110 Sebastiam.

375 2174 426 2246 Et
451 2174 499 2245 ibi
525 2173 745 2265 requiescunt
771 2195 861 2246 nune
889 2171 1212 2246 sanotusJohannes
1239 2169 1396 2262 Baptista
1439 2264 1443 2270 Ι

375 2311 414 2403 et
428 2304 558 2377 Abdias
585 2310 624 2376 et
638 2304 819 2379 Helisaeus
844 2307 1021 2399 prophete
1053 2302 1103 2375 Et
1128 2305 1177 2378 ibi
1205 2311 1258 2378 ast
1271 2309 1396 2396 puteus

374 2437 432 2544 ille
459 2456 566 2529 prope
586 2436 778 2529 castellum,
807 2439 866 2512 ubi
879 2438 1048 2512 Dominus
1066 2438 1253 2528 postulavit
1270 2457 1395 2530 aquam

374 2571 490 2645 bibero
518 2588 540 2641 a
564 2571 771 2643 samaritana
797 2573 950 2646 muliere.
1005 2570 1053 2644 Et
1079 2592 1184 2662 super
1208 2571 1305 2644 illum
1331 2591 1395 2664 pu·

321 2696 323 2703 ⁴
374 2709 469 2777 teum
496 2724 584 2777 nunc
613 2710 665 2777 ast
694 2705 857 2797 ecelesia,
888 2713 924 2778 et
948 2706 1007 2780 ille
1040 2723 1138 2778 mons
1174 2711 1227 2778 ost
1251 2704 1314 2795 ibi,
1357 2704 1391 2776 in

373 2857 440 2926 quo
467 2835 659 2909 adorabant
685 2839 889 2912 samamtani.
932 2838 982 2911 Et
1008 2837 1068 2910 illa
1093 2837 1216 2909 mulier·
1243 2835 1329 2909 dixit
1347 2836 1391 2908 sd

374 2967 571 3041 Dominum:
611 2968 741 3044 Patres
772 2972 884 3045 nostri
913 2972 953 3044 in
983 2974 1095 3044 monte
1126 2968 1189 3043 hoo
1221 2969 1391 3042 adorave-

370 3105 465 3191 rano,
493 3105 525 3172 et
551 3107 589 3172 tu
615 3102 716 3192 diem,
744 3104 838 3197 quood
864 3104 902 3176 in
923 3101 1177 3193 Hierosolymis
1208 3107 1259 3175 est
1284 3102 1391 3192 hoto,

373 3231 432 3305 uti
464 3231 615 3306 adorare
647 3241 787 3326 oportet.
843 3237 939 3309 Tune
970 3237 1039 3308 illic
1068 3241 1204 3310 orantes
1230 3257 1394 3329 perrexe-

373 3373 454 3438 runt
492 3386 596 3458 super
631 3370 911 3443 samaritanorum
948 3369 1124 3459 regionem
1158 3369 1192 3440 in
1229 3371 1392 3444 extremis
1469 3415 1474 3423 ι

371 3498 493 3571 finibus
519 3498 652 3572 iliorum
679 3501 713 3573 iu
742 3504 855 3576 villam
880 3521 1039 3594 magnam
1070 3521 1181 3584 uuam.
1221 3502 1273 3576 lbi
1293 3507 1392 3575 erant

372 3653 472 3709 onom
502 3638 651 3709 noctem.
