3368 4650
339 538 383 608 68

337 716 495 808 moine
519 735 628 806 usque
654 713 705 785 ad
729 715 922 806 morqinem
943 710 1097 804 fiqarom
1109 709 1239 814 stetim,
1269 733 1360 804 quoe

338 848 461 940 moqis,
488 851 570 919 noto
584 845 746 935 Doioino,
775 845 942 938 appamia
968 841 1234 936 eosquedeeimo
1260 829 1360 916 tertio

338 979 531 1055 dominicae
542 978 736 1052 nativitatis
748 979 806 1051 die
819 973 1067 1049 deBetitetem
1074 976 1255 1067 perduxi.
1275 976 1359 1050 lude

337 1134 464 1189 venare
490 1111 723 1203 Thaouam,
753 1111 820 1201 ubi,
850 1109 977 1184 Ohuisti
991 1110 1222 1201 coaequaevis
1243 1111 1356 1205 (coae-

336 1247 401 1338 vis)
435 1244 480 1318 ab
513 1243 655 1319 Herode
689 1244 877 1349 trucidatis,
912 1241 1117 1316 Nottonoet
1149 1242 1213 1316 sub
1235 1243 1356 1335 fioao

335 1384 446 1452 matre
473 1377 659 1451 obscenam
687 1378 812 1465 evasit,
847 1375 991 1470 ideoque
1023 1378 1075 1451 sio
1101 1379 1231 1452 dietum
1258 1384 1358 1452 esto

336 1510 506 1586 Domino:
549 1510 642 1601 Qoio
676 1533 752 1584 oum
786 1532 878 1584 esses
910 1509 973 1583 sub
1005 1509 1094 1604 fica,
1134 1512 1226 1585 noui.
1273 1513 1357 1588 Iuda

334 1669 397 1739 per
446 1648 627 1736 lauram,
676 1646 735 1718 ubi
782 1650 958 1718 sauctus
1004 1643 1115 1720 Saba
1161 1648 1354 1738 requiescit,

333 1800 455 1853 venere
472 1781 583 1869 josto
601 1781 714 1851 oieum
727 1776 919 1852 Betauro
947 1779 996 1851 od
1023 1801 1163 1872 oqooot,
1193 1803 1283 1872 quoe
1301 1803 1367 1852 eo,

333 1913 429 2001 dem,
464 1913 503 1983 in
536 1934 604 2004 quo
626 1911 800 2002 metitur,
828 1910 984 1984 sorbetur
1010 1911 1102 1984 loeo:
1136 1912 1175 1984 in
1202 1936 1270 2005 quo
1297 1935 1354 1985 oe·

332 2044 444 2136 thiops
477 2043 521 2115 ob
553 2042 684 2114 vitians
718 2049 833 2116 terrae
855 2042 1002 2132 finibus,
1037 2045 1176 2117 visitato
1208 2043 1354 2117 Domini

334 2176 469 2268 tempto,
504 2195 566 2271 per
591 2174 781 2266 Philippum
816 2175 1024 2266 baptizatus,
1058 2176 1209 2249 uicinum
1236 2177 1354 2248 Isruet

327 2305 584 2398 praeveniendo
611 2306 740 2395 pellem
772 2329 874 2378 auom
907 2308 1070 2396 mutavit,
1110 2309 1150 2379 iot
1184 2315 1249 2400 est,
1281 2308 1384 2397 fide'

331 2437 510 2510 maumas
530 2438 669 2528 peoooti
688 2437 904 2528 niyredinem
930 2439 1098 2529 deposuit.
1156 2440 1240 2513 Iuda
1275 2461 1349 2512 cum

331 2572 489 2643 venirent
522 2568 693 2659 Gazam,
737 2570 985 2660 auditisapud
1020 2577 1211 2644 sanctum
1247 2573 1350 2645 Mat·

330 2701 461 2774 thiam
501 2702 678 2774 missarum
719 2702 919 2791 sollemniis,
961 2710 1097 2776 sauctus
1130 2703 1347 2777 Willibaldus

329 2835 443 2906 lumen
471 2833 647 2907 oculomm
676 2835 811 2907 dimisit.

416 2967 585 3039 13.1nde
619 2987 683 3058 per
717 2968 945 3039 castellum
978 2967 1249 3057 Afsramiam,
1291 2966 1347 3038 ubi

329 3104 400 3170 tres
431 3098 665 3189 patriarchae,
701 3098 893 3189 Abraham,
928 3099 1022 3169 Isaac
1049 3107 1086 3172 et
1118 3098 1236 3192 Jacob,
1273 3121 1348 3171 oum

331 3229 400 3302 suis
413 3229 572 3302 uxoribus
586 3230 818 3321 requiescunt,
841 3230 1291 3321 revertiturJerusalem,
1314 3239 1349 3302 ot

329 3361 499 3450 ingressus
520 3364 759 3453 ecclesiam,
788 3363 857 3436 ubi
878 3368 1027 3436 sancta
1049 3386 1151 3435 crux
1172 3364 1348 3436 inventa

329 3500 397 3585 est,
442 3497 513 3537 *²³*
558 3502 786 3570 constructam
820 3519 889 3588 per
929 3496 1017 3568 duos
1050 3497 1225 3569 eoeeitotis
1266 3519 1348 3568 auae

327 3648 460 3700 onerosos
493 3629 600 3702 visum
626 3632 766 3722 recepit.
823 3630 915 3721 lude,
944 3613 1081 3704 visitato
1106 3629 1197 3718 apud
1225 3628 1346 3698 Dios·

328 3759 457 3850 polim
484 3761 671 3834 ecelesia
698 3785 726 3835 s.
756 3762 954 3853 Georgii,
980 3783 1046 3856 per
1070 3759 1259 3852 Joppen,
1288 3781 1347 3852 oza
