3368 4650
352 525 416 591 132

348 705 472 776 tiosum
500 697 619 773 effudit
646 717 750 771 causa
783 697 972 772 devotionis
1003 713 1107 787 supra
1133 700 1235 790 caput
1259 695 1371 769 salva·

347 834 430 908 toris
457 832 492 904 in
519 830 676 905 convivio
703 829 936 921 recumbentis,
966 827 1064 921 cujus
1081 825 1248 918 unguenti
1264 824 1370 903 odore

346 973 423 1041 tota
462 963 582 1041 domus
618 963 756 1054 repleta
788 960 863 1035 luit.
931 960 1072 1035 Dicitur
1110 960 1215 1036 etiam
1250 959 1370 1037 eadem

345 1096 680 1188 Moniallagdalena
705 1095 740 1167 in
768 1095 888 1170 eodem
915 1095 994 1169 loco
1023 1094 1079 1168 vel
1107 1094 1221 1189 potius
1239 1095 1366 1191 inuio,

344 1233 475 1309 scilicet
500 1229 536 1302 in
563 1230 665 1303 domo
694 1227 837 1304 Simonis
863 1228 999 1322 leprosi,
1023 1230 1097 1323 jam
1125 1229 1264 1329 dudum,
1292 1251 1368 1306 cnm

344 1368 455 1441 adhuc
482 1368 573 1439 esset
600 1365 785 1456 peccatrin
814 1363 921 1437 ductu
947 1363 1183 1458 poenitentiae
1197 1366 1242 1438 ad
1261 1365 1368 1459 penes

240 1573 244 1580 ,
343 1498 481 1572 Domini
516 1496 675 1573 similiter
708 1499 745 1573 in
777 1498 934 1572 convivio
961 1498 1190 1574 recumbentis
1221 1499 1364 1592 veuisoe,

343 1638 380 1706 et
407 1633 476 1707 suis
502 1631 651 1707 lacrimis
677 1630 784 1726 pedes
797 1630 880 1708 Jesu
899 1633 1028 1726 rigasse
1056 1603 1270 1727 crinibusque
1297 1634 1367 1708 suis

347 1767 545 1858 extersisse,
575 1766 707 1843 etalio
736 1768 899 1860 quodam,
932 1767 1060 1842 scilicet
1088 1766 1364 1861 compunctionis,

340 1906 517 1992 unguento
544 1901 676 1976 unmsse
704 1907 741 1975 et
768 1899 816 1974 sic
845 1907 1064 1991 peccatorum
1077 1919 1215 1973 suornm
1233 1898 1365 1974 veniam

342 2033 433 2126 apud
458 2032 642 2105 Dominum
668 2036 905 2127 promeruisse.
961 2031 1073 2125 Unde,
1103 2054 1180 2107 cum
1206 2051 1303 2106 sacra
1328 2030 1363 2104 in

341 2167 510 2257 scriptura
537 2165 664 2239 alicubi
692 2165 893 2259 reperiatur,
924 2165 1024 2237 aliam
1038 2164 1186 2239 Mariam
1201 2161 1363 2256 adpetes

339 2297 429 2369 illius
455 2299 649 2389 accessisse,
677 2298 777 2371 uliam
805 2301 910 2388 capnt
926 2296 1063 2370 Domini
1082 2297 1262 2386 inunxisse,
1281 2292 1362 2368 ‹loc-

339 2437 432 2502 tores
473 2431 583 2502 nostri
620 2435 795 2520 exponunt
831 2429 949 2520 aliam,
987 2428 1023 2502 id
1058 2436 1125 2523 est,
1164 2429 1358 2519 alteratam,

339 2565 418 2654 quia
444 2563 492 2635 ibi
518 2563 707 2663 peccatrix,
734 2563 768 2634 in
791 2561 1015 2637 amaritudine
1041 2562 1276 2656 poenitentiae
1303 2559 1358 2633 hic

332 2696 406 2790 jam
428 2695 629 2789 justificata,
653 2716 730 2769 cum
752 2695 944 2768 devotionis
972 2696 1179 2768 exultatione
1202 2688 1356 2767 accessit.

336 2827 403 2901 Est
428 2833 544 2902 tamen
572 2830 739 2922 quaedam
766 2827 955 2901 ecclesia
982 2829 1073 2901 intra
1083 2828 1357 2901 murossanctae

335 2960 492 3052 usitatis,
516 2963 619 3056 juxta
632 2968 782 3036 sanctam
792 2960 928 3034 Annam
945 2974 1064 3037 versus
1077 2959 1356 3052 septentrionem,

332 3114 440 3185 prope
474 3097 727 3184 murosurbis,
762 3096 795 3167 in
829 3094 959 3169 honore
995 3094 1158 3169 Mariae
1186 3091 1356 3183 Magda-

330 3228 454 3302 leuae
484 3234 700 3321 consecrata,
735 3228 768 3300 in
803 3247 870 3320 quo
898 3228 976 3300 loco
1014 3225 1172 3298 habitant
1199 3224 1356 3299 monachi

326 3361 518 3453 jacobitae,
549 3363 607 3454 qui
641 3365 795 3436 asserunt
825 3360 873 3435 ibi
908 3360 1045 3434 domum
1078 3357 1183 3434 luisse
1210 3356 1355 3432 Simonis
1380 3374 1383 3380 ’

329 3494 471 3586 leprosi,
502 3484 566 3587 ‘qui
600 3495 757 3569 invitavit
789 3493 973 3567 Dominum
1007 3497 1163 3567 nostrum
1197 3495 1241 3568 ad
1274 3514 1353 3567 con-

328 3628 467 3717 vivium,
495 3627 531 3700 in
559 3649 626 3720 quo
654 3629 856 3719 supervenit
873 3625 985 3704 Maria
1002 3625 1219 3720 Mugdulena,
1241 3626 1353 3722 proci·

329 3759 412 3840 deus
438 3759 482 3832 ad
508 3759 614 3851 pedes
640 3759 735 3853 Jesu,
765 3782 849 3854 quos
875 3760 1023 3835 lacrimis
1049 3758 1177 3848 rigavit
1193 3764 1229 3833 et
1255 3778 1352 3834 oscu-

1047 4470 1071 4531 pfs
1159 4420 1202 4588 ἱ

1026 4532 1047 4587 t!
