<?xml version="1.0" encoding="UTF-8"?>
<!DOCTYPE html PUBLIC "-//W3C//DTD XHTML 1.0 Transitional//EN"
    "http://www.w3.org/TR/xhtml1/DTD/xhtml1-transitional.dtd">
<html xmlns="http://www.w3.org/1999/xhtml" xml:lang="en" lang="en">
 <head>
  <title>
</title>
<meta http-equiv="Content-Type" content="text/html;charset=utf-8" />
  <meta name='ocr-system' content='tesseract 3.04.00' />
  <meta name='ocr-capabilities' content='ocr_page ocr_carea ocr_par ocr_line ocrx_word'/>
</head>
<body>
  <div class='ocr_page' id='page_1' title='image "./descriptioneste00toblgoog_0173.png"; bbox 0 0 3368 4650; ppageno 0'>
   <div class='ocr_carea' id='block_1_1' title="bbox 396 526 1420 1731">
    <p class='ocr_par' dir='ltr' id='par_1_1' title="bbox 396 526 1420 1731">
     <span class='ocr_line' id='line_1_1' title="bbox 402 526 467 594; baseline 0 0"><span class='ocrx_word' id='word_1_1' title='bbox 402 526 467 594; x_wconf 77' lang='lat'><strong>162</strong></span> 
     </span>
     <span class='ocr_line' id='line_1_2' title="bbox 402 700 1420 799; baseline -0.001 -21"><span class='ocrx_word' id='word_1_2' title='bbox 402 707 495 799; x_wconf 87' lang='lat' dir='ltr'><strong>quic,</strong></span> <span class='ocrx_word' id='word_1_3' title='bbox 524 704 617 776; x_wconf 89' lang='lat' dir='ltr'><strong>iuter</strong></span> <span class='ocrx_word' id='word_1_4' title='bbox 640 703 771 776; x_wconf 86' lang='lat' dir='ltr'><strong>medios</strong></span> <span class='ocrx_word' id='word_1_5' title='bbox 797 703 964 796; x_wconf 79' lang='lat' dir='ltr'>custodes,</span> <span class='ocrx_word' id='word_1_6' title='bbox 994 702 1135 776; x_wconf 85' lang='lat' dir='ltr'><strong>vinculis</strong></span> <span class='ocrx_word' id='word_1_7' title='bbox 1161 700 1285 777; x_wconf 79' lang='lat' dir='ltr'><strong>terreis</strong></span> <span class='ocrx_word' id='word_1_8' title='bbox 1302 705 1420 796; x_wconf 86' lang='lat' dir='ltr'><strong>ruptis,</strong></span> 
     </span>
     <span class='ocr_line' id='line_1_3' title="bbox 401 835 1418 927; baseline -0.002 -17"><span class='ocrx_word' id='word_1_9' title='bbox 401 837 493 910; x_wconf 92' lang='lat' dir='ltr'><strong>ultro</strong></span> <span class='ocrx_word' id='word_1_10' title='bbox 527 835 654 925; x_wconf 82' lang='lat' dir='ltr'><strong>apertis</strong></span> <span class='ocrx_word' id='word_1_11' title='bbox 686 835 783 908; x_wconf 86' lang='lat' dir='ltr'><strong>ostiis</strong></span> <span class='ocrx_word' id='word_1_12' title='bbox 816 841 887 908; x_wconf 89' lang='lat' dir='ltr'><strong>tum</strong></span> <span class='ocrx_word' id='word_1_13' title='bbox 920 836 1080 927; x_wconf 81' lang='lat' dir='ltr'><strong>carceris,</strong></span> <span class='ocrx_word' id='word_1_14' title='bbox 1119 854 1224 925; x_wconf 81' lang='lat' dir='ltr'><strong>quem</strong></span> <span class='ocrx_word' id='word_1_15' title='bbox 1260 836 1418 926; x_wconf 78' lang='lat' dir='ltr'><strong>civitatis,</strong></span> 
     </span>
     <span class='ocr_line' id='line_1_4' title="bbox 401 965 1420 1060; baseline 0 -18"><span class='ocrx_word' id='word_1_16' title='bbox 401 969 525 1042; x_wconf 81' lang='lat' dir='ltr'><strong>beatus</strong></span> <span class='ocrx_word' id='word_1_17' title='bbox 552 965 677 1040; x_wconf 88' lang='lat' dir='ltr'><strong>Petrus</strong></span> <span class='ocrx_word' id='word_1_18' title='bbox 704 966 816 1055; x_wconf 83' lang='lat' dir='ltr'><strong>augeli</strong></span> <span class='ocrx_word' id='word_1_19' title='bbox 845 966 1018 1040; x_wconf 86' lang='lat' dir='ltr'><strong>conductu</strong></span> <span class='ocrx_word' id='word_1_20' title='bbox 1045 966 1153 1040; x_wconf 84' lang='lat' dir='ltr'><strong>sbivit</strong></span> <span class='ocrx_word' id='word_1_21' title='bbox 1185 966 1338 1060; x_wconf 84' lang='lat' dir='ltr'><strong>illaesus,</strong></span> <span class='ocrx_word' id='word_1_22' title='bbox 1368 970 1420 1042; x_wconf 93' lang='lat' dir='ltr'><strong>di-</strong></span> 
     </span>
     <span class='ocr_line' id='line_1_5' title="bbox 400 1097 1419 1196; baseline 0.004 -21"><span class='ocrx_word' id='word_1_23' title='bbox 400 1122 495 1175; x_wconf 89' lang='lat' dir='ltr'><strong>cens:</strong></span> <span class='ocrx_word' id='word_1_24' title='bbox 529 1097 639 1174; x_wconf 82' lang='lat' dir='ltr'><strong>Nunc</strong></span> <span class='ocrx_word' id='word_1_25' title='bbox 663 1101 734 1174; x_wconf 81' lang='lat' dir='ltr'><strong>scio</strong></span> <span class='ocrx_word' id='word_1_26' title='bbox 761 1121 851 1190; x_wconf 82' lang='lat' dir='ltr'><strong>uere,</strong></span> <span class='ocrx_word' id='word_1_27' title='bbox 880 1100 964 1192; x_wconf 77' lang='lat' dir='ltr'><strong>quia</strong></span> <span class='ocrx_word' id='word_1_28' title='bbox 989 1099 1083 1174; x_wconf 77' lang='lat' dir='ltr'><strong>misit</strong></span> <span class='ocrx_word' id='word_1_29' title='bbox 1113 1097 1289 1177; x_wconf 75' lang='lat' dir='ltr'><strong>Dmninus</strong></span> <span class='ocrx_word' id='word_1_30' title='bbox 1316 1126 1419 1196; x_wconf 72' lang='lat' dir='ltr'><strong>unqe·</strong></span> 
     </span>
     <span class='ocr_line' id='line_1_6' title="bbox 399 1231 1418 1329; baseline 0.004 -22"><span class='ocrx_word' id='word_1_31' title='bbox 399 1234 472 1307; x_wconf 85' lang='lat' dir='ltr'><strong>lum</strong></span> <span class='ocrx_word' id='word_1_32' title='bbox 498 1254 602 1306; x_wconf 81' lang='lat' dir='ltr'><strong>suum</strong></span> <span class='ocrx_word' id='word_1_33' title='bbox 628 1241 692 1308; x_wconf 89' lang='lat' dir='ltr'><strong>etc.</strong></span> <span class='ocrx_word' id='word_1_34' title='bbox 747 1231 787 1304; x_wconf 92' lang='lat' dir='ltr'><strong>Iu</strong></span> <span class='ocrx_word' id='word_1_35' title='bbox 809 1234 951 1307; x_wconf 89' lang='lat' dir='ltr'><strong>introitu</strong></span> <span class='ocrx_word' id='word_1_36' title='bbox 979 1235 1132 1329; x_wconf 88' lang='lat' dir='ltr'><strong>ejusdem</strong></span> <span class='ocrx_word' id='word_1_37' title='bbox 1159 1236 1361 1312; x_wconf 83' lang='lat' dir='ltr'><strong>ecclesiolae</strong></span> <span class='ocrx_word' id='word_1_38' title='bbox 1375 1239 1418 1311; x_wconf 91' lang='lat' dir='ltr'><strong>de</strong></span> 
     </span>
     <span class='ocr_line' id='line_1_7' title="bbox 399 1357 1419 1465; baseline 0.007 -26"><span class='ocrx_word' id='word_1_39' title='bbox 399 1363 520 1439; x_wconf 91' lang='lat' dir='ltr'><strong>ecdem</strong></span> <span class='ocrx_word' id='word_1_40' title='bbox 560 1364 649 1439; x_wconf 82' lang='lat' dir='ltr'><strong>lactc</strong></span> <span class='ocrx_word' id='word_1_41' title='bbox 689 1365 814 1440; x_wconf 88' lang='lat' dir='ltr'><strong>ibidem</strong></span> <span class='ocrx_word' id='word_1_42' title='bbox 847 1368 1011 1442; x_wconf 82' lang='lat' dir='ltr'><strong>miraculo</strong></span> <span class='ocrx_word' id='word_1_43' title='bbox 1044 1371 1131 1443; x_wconf 84' lang='lat' dir='ltr'><strong>tules</strong></span> <span class='ocrx_word' id='word_1_44' title='bbox 1163 1357 1327 1461; x_wconf 77' lang='lat' dir='ltr'><strong>leguntur</strong></span> <span class='ocrx_word' id='word_1_45' title='bbox 1358 1393 1419 1465; x_wconf 79' lang='lat' dir='ltr'><strong>up·¹</strong></span> 
     </span>
     <span class='ocr_line' id='line_1_8' title="bbox 396 1498 1344 1591; baseline 0.003 -21"><span class='ocrx_word' id='word_1_46' title='bbox 396 1498 498 1591; x_wconf 85' lang='lat' dir='ltr'><strong>positi</strong></span> <span class='ocrx_word' id='word_1_47' title='bbox 526 1519 665 1573; x_wconf 82' lang='lat' dir='ltr'><strong>versus:</strong></span> <span class='ocrx_word' id='word_1_48' title='bbox 1341 1532 1344 1539; x_wconf 95' lang='lat'>·</span> 
     </span>
     <span class='ocr_line' id='line_1_9' title="bbox 450 1631 1418 1731; baseline 0.007 -26"><span class='ocrx_word' id='word_1_49' title='bbox 450 1631 657 1707; x_wconf 81' lang='lat' dir='ltr'><strong>Vestibus</strong></span> <span class='ocrx_word' id='word_1_50' title='bbox 684 1633 872 1727; x_wconf 88' lang='lat' dir='ltr'><strong>indutus,</strong></span> <span class='ocrx_word' id='word_1_51' title='bbox 901 1635 1047 1728; x_wconf 86' lang='lat' dir='ltr'><strong>Petre,</strong></span> <span class='ocrx_word' id='word_1_52' title='bbox 1076 1657 1223 1731; x_wconf 78' lang='lat' dir='ltr'><strong>surge,</strong></span> <span class='ocrx_word' id='word_1_53' title='bbox 1260 1639 1418 1713; x_wconf 87' lang='lat' dir='ltr'><strong>recede</strong></span> 
     </span>
    </p>
   </div>
   <div class='ocr_carea' id='block_1_2' title="bbox 387 1766 1418 3847">
    <p class='ocr_par' dir='ltr' id='par_1_2' title="bbox 503 1766 693 1859">
     <span class='ocr_line' id='line_1_10' title="bbox 503 1766 693 1859; baseline 0.011 -19"><span class='ocrx_word' id='word_1_54' title='bbox 503 1766 693 1859; x_wconf 90' lang='lat' dir='ltr'><strong>sclutus;</strong></span> 
     </span>
    </p>

    <p class='ocr_par' dir='ltr' id='par_1_3' title="bbox 449 1903 1418 2006">
     <span class='ocr_line' id='line_1_11' title="bbox 449 1903 1418 2006; baseline 0.004 -35"><span class='ocrx_word' id='word_1_55' title='bbox 449 1920 631 1990; x_wconf 82' lang='lat' dir='ltr'><strong>namque</strong></span> <span class='ocrx_word' id='word_1_56' title='bbox 664 1908 917 1975; x_wconf 84' lang='lat' dir='ltr'><strong>catenarum</strong></span> <span class='ocrx_word' id='word_1_57' title='bbox 948 1908 1047 1976; x_wconf 91' lang='lat' dir='ltr'><strong>sunt</strong></span> <span class='ocrx_word' id='word_1_58' title='bbox 1078 1903 1256 1977; x_wconf 80' lang='lat' dir='ltr'><strong>vincula</strong></span> <span class='ocrx_word' id='word_1_59' title='bbox 1289 1908 1418 2006; x_wconf 61' lang='lat' dir='ltr'><strong>rupte</strong></span> 
     </span>
    </p>

    <p class='ocr_par' dir='ltr' id='par_1_4' title="bbox 505 2039 693 2123">
     <span class='ocr_line' id='line_1_12' title="bbox 505 2039 693 2123; baseline 0.005 -20"><span class='ocrx_word' id='word_1_60' title='bbox 505 2039 693 2123; x_wconf 80' lang='lat' dir='ltr'><strong>tuarum,</strong></span> 
     </span>
    </p>

    <p class='ocr_par' dir='ltr' id='par_1_5' title="bbox 448 2132 1417 2259">
     <span class='ocr_line' id='line_1_13' title="bbox 448 2132 1417 2259; baseline 0.002 -24"><span class='ocrx_word' id='word_1_61' title='bbox 448 2184 559 2236; x_wconf 91' lang='lat' dir='ltr'><strong>nuuc</strong></span> <span class='ocrx_word' id='word_1_62' title='bbox 585 2165 673 2237; x_wconf 90' lang='lat' dir='ltr'><strong>scio</strong></span> <span class='ocrx_word' id='word_1_63' title='bbox 701 2187 746 2238; x_wconf 91' lang='lat' dir='ltr'><strong>re</strong></span> <span class='ocrx_word' id='word_1_64' title='bbox 775 2171 915 2256; x_wconf 81' lang='lat' dir='ltr'><strong>certa,</strong></span> <span class='ocrx_word' id='word_1_65' title='bbox 945 2132 1032 2240; x_wconf 83' lang='lat' dir='ltr'><strong>cum</strong></span> <span class='ocrx_word' id='word_1_66' title='bbox 1066 2173 1196 2259; x_wconf 86' lang='lat' dir='ltr'><strong>portu</strong></span> <span class='ocrx_word' id='word_1_67' title='bbox 1229 2168 1332 2239; x_wconf 85' lang='lat' dir='ltr'><strong>milri</strong></span> <span class='ocrx_word' id='word_1_68' title='bbox 1359 2168 1417 2239; x_wconf 93' lang='lat' dir='ltr'><strong>sit</strong></span> 
     </span>
    </p>

    <p class='ocr_par' dir='ltr' id='par_1_6' title="bbox 503 2304 665 2388">
     <span class='ocr_line' id='line_1_14' title="bbox 503 2304 665 2388; baseline 0.006 -21"><span class='ocrx_word' id='word_1_69' title='bbox 503 2304 665 2388; x_wconf 80' lang='lat' dir='ltr'><strong>apertu.</strong></span> 
     </span>
    </p>

    <p class='ocr_par' dir='ltr' id='par_1_7' title="bbox 449 2424 1413 2521">
     <span class='ocr_line' id='line_1_15' title="bbox 449 2424 1413 2521; baseline 0.001 -22"><span class='ocrx_word' id='word_1_70' title='bbox 449 2424 479 2499; x_wconf 93' lang='grc' dir='ltr'><strong>Ο</strong></span> <span class='ocrx_word' id='word_1_71' title='bbox 524 2428 668 2520; x_wconf 85' lang='lat' dir='ltr'><strong>pietus</strong></span> <span class='ocrx_word' id='word_1_72' title='bbox 714 2428 893 2519; x_wconf 86' lang='lat' dir='ltr'><strong>Christi,</strong></span> <span class='ocrx_word' id='word_1_73' title='bbox 943 2432 1139 2521; x_wconf 81' lang='lat' dir='ltr'><strong>quoniam</strong></span> <span class='ocrx_word' id='word_1_74' title='bbox 1184 2450 1247 2501; x_wconf 87' lang='lat' dir='ltr'><strong>me</strong></span> <span class='ocrx_word' id='word_1_75' title='bbox 1288 2428 1413 2500; x_wconf 82' lang='lat' dir='ltr'><strong>salvi·</strong></span> 
     </span>
    </p>

    <p class='ocr_par' dir='ltr' id='par_1_8' title="bbox 501 2557 659 2634">
     <span class='ocr_line' id='line_1_16' title="bbox 501 2557 659 2634; baseline 0.019 -3"><span class='ocrx_word' id='word_1_76' title='bbox 501 2557 659 2634; x_wconf 81' lang='lat' dir='ltr'><strong>licesti.</strong></span> 
     </span>
    </p>

    <p class='ocr_par' dir='ltr' id='par_1_9' title="bbox 387 2694 1411 3847">
     <span class='ocr_line' id='line_1_17' title="bbox 473 2694 1410 2790; baseline -0.001 -24"><span class='ocrx_word' id='word_1_77' title='bbox 473 2694 515 2766; x_wconf 90' lang='lat' dir='ltr'><strong>In</strong></span> <span class='ocrx_word' id='word_1_78' title='bbox 556 2715 661 2768; x_wconf 82' lang='lat' dir='ltr'><strong>caves</strong></span> <span class='ocrx_word' id='word_1_79' title='bbox 700 2695 853 2790; x_wconf 87' lang='lat' dir='ltr'><strong>ejusdem</strong></span> <span class='ocrx_word' id='word_1_80' title='bbox 889 2695 1102 2770; x_wconf 83' lang='lat' dir='ltr'><strong>ecclesiae</strong></span> <span class='ocrx_word' id='word_1_81' title='bbox 1136 2695 1189 2768; x_wconf 87' lang='lat' dir='ltr'><strong>sd</strong></span> <span class='ocrx_word' id='word_1_82' title='bbox 1223 2695 1410 2785; x_wconf 83' lang='lat' dir='ltr'><strong>vincula,</strong></span> 
     </span>
     <span class='ocr_line' id='line_1_18' title="bbox 390 2825 1408 2917; baseline -0.002 -19"><span class='ocrx_word' id='word_1_83' title='bbox 390 2827 497 2898; x_wconf 80' lang='lat' dir='ltr'><strong>sancti</strong></span> <span class='ocrx_word' id='word_1_84' title='bbox 526 2825 621 2899; x_wconf 86' lang='lat' dir='ltr'><strong>Petri</strong></span> <span class='ocrx_word' id='word_1_85' title='bbox 647 2827 735 2900; x_wconf 84' lang='lat' dir='ltr'><strong>leste</strong></span> <span class='ocrx_word' id='word_1_86' title='bbox 761 2827 887 2899; x_wconf 89' lang='lat' dir='ltr'><strong>ibidem</strong></span> <span class='ocrx_word' id='word_1_87' title='bbox 915 2827 1245 2917; x_wconf 83' lang='lat' dir='ltr'><strong>existentecelebri,</strong></span> <span class='ocrx_word' id='word_1_88' title='bbox 1274 2827 1408 2898; x_wconf 84' lang='lat' dir='ltr'><strong>missam</strong></span> 
     </span>
     <span class='ocr_line' id='line_1_19' title="bbox 392 2958 1409 3050; baseline -0.003 -19"><span class='ocrx_word' id='word_1_89' title='bbox 392 2958 565 3032; x_wconf 83' lang='lat' dir='ltr'><strong>celebravi</strong></span> <span class='ocrx_word' id='word_1_90' title='bbox 593 2980 668 3033; x_wconf 90' lang='lat' dir='ltr'><strong>cum</strong></span> <span class='ocrx_word' id='word_1_91' title='bbox 695 2961 842 3034; x_wconf 84' lang='lat' dir='ltr'><strong>collecta</strong></span> <span class='ocrx_word' id='word_1_92' title='bbox 869 2962 991 3033; x_wconf 87' lang='lat' dir='ltr'><strong>merito</strong></span> <span class='ocrx_word' id='word_1_93' title='bbox 1017 2960 1143 3033; x_wconf 87' lang='lat' dir='ltr'><strong>ibidem</strong></span> <span class='ocrx_word' id='word_1_94' title='bbox 1177 2959 1227 3031; x_wconf 94' lang='lat' dir='ltr'><strong>sic</strong></span> <span class='ocrx_word' id='word_1_95' title='bbox 1255 2958 1409 3050; x_wconf 80' lang='lat' dir='ltr'><strong>prolata:</strong></span> 
     </span>
     <span class='ocr_line' id='line_1_20' title="bbox 391 3092 1411 3184; baseline -0.002 -20"><span class='ocrx_word' id='word_1_96' title='bbox 391 3092 526 3184; x_wconf 89' lang='lat' dir='ltr'><strong>Deus,</strong></span> <span class='ocrx_word' id='word_1_97' title='bbox 573 3094 644 3183; x_wconf 88' lang='lat' dir='ltr'><strong>qui</strong></span> <span class='ocrx_word' id='word_1_98' title='bbox 685 3093 856 3166; x_wconf 84' lang='lat' dir='ltr'><strong>beatum</strong></span> <span class='ocrx_word' id='word_1_99' title='bbox 898 3092 1066 3168; x_wconf 88' lang='lat' dir='ltr'><strong>Petrum</strong></span> <span class='ocrx_word' id='word_1_100' title='bbox 1104 3092 1350 3183; x_wconf 80' lang='lat' dir='ltr'><strong>apostolum</strong></span> <span class='ocrx_word' id='word_1_101' title='bbox 1390 3111 1411 3162; x_wconf 84' lang='lat' dir='ltr'><strong>a</strong></span> 
     </span>
     <span class='ocr_line' id='line_1_21' title="bbox 390 3224 1410 3299; baseline 0 -4"><span class='ocrx_word' id='word_1_102' title='bbox 390 3224 580 3297; x_wconf 86' lang='lat' dir='ltr'><strong>vinculis</strong></span> <span class='ocrx_word' id='word_1_103' title='bbox 619 3226 661 3296; x_wconf 92' lang='lat' dir='ltr'><strong>in</strong></span> <span class='ocrx_word' id='word_1_104' title='bbox 700 3227 778 3299; x_wconf 88' lang='lat' dir='ltr'><strong>boc</strong></span> <span class='ocrx_word' id='word_1_105' title='bbox 811 3227 905 3298; x_wconf 89' lang='lat' dir='ltr'><strong>loco</strong></span> <span class='ocrx_word' id='word_1_106' title='bbox 939 3225 1179 3299; x_wconf 82' lang='lat' dir='ltr'><strong>absolutum</strong></span> <span class='ocrx_word' id='word_1_107' title='bbox 1212 3224 1410 3296; x_wconf 85' lang='lat' dir='ltr'><strong>illsesum</strong></span> 
     </span>
     <span class='ocr_line' id='line_1_22' title="bbox 388 3356 1407 3454; baseline 0 -24"><span class='ocrx_word' id='word_1_108' title='bbox 388 3357 509 3432; x_wconf 85' lang='lat' dir='ltr'><strong>ubire</strong></span> <span class='ocrx_word' id='word_1_109' title='bbox 536 3356 685 3432; x_wconf 84' lang='lat' dir='ltr'><strong>iecisti</strong></span> <span class='ocrx_word' id='word_1_110' title='bbox 714 3366 777 3431; x_wconf 88' lang='lat' dir='ltr'><strong>etc.</strong></span> <span class='ocrx_word' id='word_1_111' title='bbox 820 3358 1011 3431; x_wconf 84' lang='lat' dir='ltr'><strong>Ecclesiols</strong></span> <span class='ocrx_word' id='word_1_112' title='bbox 1036 3356 1157 3454; x_wconf 83' lang='lat' dir='ltr'><strong>eedem</strong></span> <span class='ocrx_word' id='word_1_113' title='bbox 1184 3358 1318 3430; x_wconf 84' lang='lat' dir='ltr'><strong>modica</strong></span> <span class='ocrx_word' id='word_1_114' title='bbox 1345 3362 1407 3447; x_wconf 70' lang='lat' dir='ltr'><strong>est</strong></span> 
     </span>
     <span class='ocr_line' id='line_1_23' title="bbox 387 3489 1410 3581; baseline -0.001 -19"><span class='ocrx_word' id='word_1_115' title='bbox 387 3511 453 3564; x_wconf 87' lang='lat' dir='ltr'><strong>uec</strong></span> <span class='ocrx_word' id='word_1_116' title='bbox 486 3489 576 3563; x_wconf 83' lang='lat' dir='ltr'><strong>adeo</strong></span> <span class='ocrx_word' id='word_1_117' title='bbox 610 3491 775 3565; x_wconf 87' lang='lat' dir='ltr'><strong>reditibus</strong></span> <span class='ocrx_word' id='word_1_118' title='bbox 812 3493 919 3564; x_wconf 81' lang='lat' dir='ltr'><strong>ditata</strong></span> <span class='ocrx_word' id='word_1_119' title='bbox 952 3492 1008 3564; x_wconf 87' lang='lat' dir='ltr'><strong>vel</strong></span> <span class='ocrx_word' id='word_1_120' title='bbox 1036 3490 1127 3563; x_wconf 87' lang='lat' dir='ltr'><strong>cultu</strong></span> <span class='ocrx_word' id='word_1_121' title='bbox 1156 3496 1295 3581; x_wconf 82' lang='lat' dir='ltr'><strong>crusta,</strong></span> <span class='ocrx_word' id='word_1_122' title='bbox 1324 3490 1410 3563; x_wconf 89' lang='lat' dir='ltr'><strong>sicut</strong></span> 
     </span>
     <span class='ocr_line' id='line_1_24' title="bbox 387 3623 1408 3715; baseline -0.003 -20"><span class='ocrx_word' id='word_1_123' title='bbox 387 3628 518 3695; x_wconf 85' lang='lat' dir='ltr'><strong>tantum</strong></span> <span class='ocrx_word' id='word_1_124' title='bbox 559 3623 709 3700; x_wconf 87' lang='lat' dir='ltr'><strong>divinum</strong></span> <span class='ocrx_word' id='word_1_125' title='bbox 745 3624 946 3697; x_wconf 84' lang='lat' dir='ltr'><strong>miraculum</strong></span> <span class='ocrx_word' id='word_1_126' title='bbox 979 3628 1017 3699; x_wconf 85' lang='lat' dir='ltr'><strong>et</strong></span> <span class='ocrx_word' id='word_1_127' title='bbox 1050 3628 1186 3696; x_wconf 84' lang='lat' dir='ltr'><strong>tuntum</strong></span> <span class='ocrx_word' id='word_1_128' title='bbox 1221 3624 1408 3715; x_wconf 88' lang='lat' dir='ltr'><strong>principem</strong></span> 
     </span>
     <span class='ocr_line' id='line_1_25' title="bbox 388 3726 1402 3847; baseline 0 -21"><span class='ocrx_word' id='word_1_129' title='bbox 388 3756 621 3847; x_wconf 84' lang='lat' dir='ltr'><strong>apostolorum</strong></span> <span class='ocrx_word' id='word_1_130' title='bbox 655 3759 808 3831; x_wconf 88' lang='lat' dir='ltr'><strong>deceret.</strong></span> <span class='ocrx_word' id='word_1_131' title='bbox 863 3759 970 3830; x_wconf 86' lang='lat' dir='ltr'><strong>Porta</strong></span> <span class='ocrx_word' id='word_1_132' title='bbox 1006 3756 1080 3846; x_wconf 86' lang='lat' dir='ltr'><strong>ills,</strong></span> <span class='ocrx_word' id='word_1_133' title='bbox 1119 3776 1208 3846; x_wconf 76' lang='lat' dir='ltr'><strong>quae</strong></span> <span class='ocrx_word' id='word_1_134' title='bbox 1243 3726 1402 3846; x_wconf 80' lang='lat' dir='ltr'><strong>dirigitur</strong></span> 
     </span>
    </p>
   </div>
   <div class='ocr_carea' id='block_1_3' title="bbox 0 0 1688 4650">
    <p class='ocr_par' dir='ltr' id='par_1_10' title="bbox 0 0 1688 4650">
     <span class='ocr_line' id='line_1_26' title="bbox 0 0 1688 4650; baseline 0 4"><span class='ocrx_word' id='word_1_135' title='bbox 0 0 1688 4650; x_wconf 95' lang='lat' dir='ltr'><strong> </strong></span> 
     </span>
    </p>
   </div>
   <div class='ocr_carea' id='block_1_4' title="bbox 1013 4444 1212 4602">
    <p class='ocr_par' dir='ltr' id='par_1_11' title="bbox 1013 4444 1212 4602">
     <span class='ocr_line' id='line_1_27' title="bbox 1013 4444 1212 4602; baseline 0.005 -1"><span class='ocrx_word' id='word_1_136' title='bbox 1013 4444 1212 4602; x_wconf 62' lang='grc' dir='ltr'>Α</span> 
     </span>
    </p>
   </div>
  </div>
 </body>
</html>
