3368 4650
1261 529 1304 595 57

274 720 429 815 monim,
468 720 530 793 sibi
566 739 632 790 non
661 716 861 810 deinemnt,
897 716 960 791 sed
992 713 1098 788 tilium
1125 730 1221 785 snum
1250 710 1305 783 nix

278 857 527 949 quinquennem
554 850 772 926 monachicae
791 850 992 926 districtioni
1018 850 1109 943 apud
1137 854 1304 922 monaste·

279 991 366 1063 rium
394 988 623 1063 Wnitheim
656 985 800 1081 dictam,
849 987 912 1063 sab
941 984 1137 1061 venerando
1177 982 1303 1057 abbate

278 1121 486 1212 Egilwardo,
502 1119 757 1196 dedicavemnt
785 1120 930 1196 Litteris
947 1141 1032 1212 ergo
1045 1117 1225 1212 applicitus
1238 1136 1301 1190 neo

277 1261 486 1325 momentum
498 1255 662 1341 temporis
674 1256 746 1327 otio
761 1255 912 1344 indulsit,
932 1254 993 1326 sed
1009 1251 1104 1326 brevi
1118 1249 1302 1324 solertissi-

276 1403 350 1454 mos
374 1383 549 1473 praelatus
570 1391 688 1472 pectas
705 1407 802 1458 suurn
822 1384 1090 1478 hagiographiae
1118 1385 1301 1456 armarium

276 1515 372 1603 iecit,
390 1520 428 1585 et
440 1523 479 1585 nt
490 1512 666 1585 Christum
678 1514 713 1587 in
727 1518 881 1591 omnibns
898 1518 1116 1608 exprimeret,
1137 1515 1301 1607 quidquid

274 1646 392 1734 divini,
420 1643 583 1737 quidquid
603 1645 691 1734 legis
711 1647 964 1722 ecclesiastieae
1002 1648 1150 1734 legendo
1178 1667 1301 1736 perce·

274 1781 343 1878 pit,
384 1778 448 1850 hoc
484 1777 635 1850 moribus
673 1783 710 1848 et
748 1778 864 1852 habitu
904 1778 1053 1851 fideliter
1088 1776 1300 1868 assequendo

275 1909 440 2003 implevit
482 1910 519 1981 ln
547 1910 688 1999 singulis
715 1930 801 1999 ergo
830 1910 1013 1984 virmtibus
1025 1911 1099 2003 jam
1127 1910 1299 1982 excellen-

275 2046 403 2117 tissime
418 2043 579 2132 eminens,
609 2042 659 2114 ita
676 2044 796 2116 enituit
817 2042 1085 2132 perfectissimus
1101 2044 1135 2116 in
1149 2040 1297 2133 Christo,

274 2186 313 2250 at
341 2178 387 2251 nii
415 2177 595 2265 cogitaret,
626 2175 689 2248 nisi
716 2198 791 2250 esse
818 2197 894 2248 oum
922 2174 1072 2248 Christo.

356 2315 390 2382 3.
421 2308 582 2399 Quamvis
610 2330 693 2399 ergo
716 2310 788 2402 jam
815 2309 992 2399 abnegato
1019 2331 1057 2381 se
1087 2310 1173 2403 ipso,
1202 2330 1299 2382 mnn-

276 2446 354 2517 dum
389 2451 458 2514 tam
498 2449 630 2533 rnente,
668 2463 768 2533 quam
807 2442 926 2516 habita
958 2443 1140 2534 calcasset,
1178 2442 1299 2515 timere

276 2587 389 2649 tamen
417 2575 516 2648 deest
543 2574 756 2667 perfectioni,
786 2574 878 2667 quod
908 2575 942 2646 in
964 2574 1068 2647 natali
1085 2574 1157 2648 solo
1175 2595 1297 2665 paren·

271 2710 360 2783 telae
393 2707 542 2797 dignitas
574 2708 816 2800 aliquantolum
843 2707 956 2780 famae
985 2716 1022 2779 et
1050 2707 1189 2778 honoris
1218 2706 1291 2797 sibi,

270 2845 352 2916 iicet
388 2840 534 2929 nolenti,
571 2838 719 2928 addidit;
754 2839 956 2913 decreverat
983 2839 1128 2931 petriam
1158 2838 1288 2931 egredi,

268 2984 305 3049 et
333 2987 403 3048 tam
430 2975 580 3064 ignotns,
615 2993 715 3065 qnam
743 2993 848 3062 egens
874 2992 938 3063 pro
967 2968 1106 3043 Christo
1135 2972 1291 3063 peregri·

268 3111 354 3180 nari.
411 3105 461 3179 Et
488 3127 531 3179 ne
558 3106 650 3178 solus
679 3125 720 3177 ex
748 3106 819 3177 suis
839 3103 966 3177 Christi
994 3104 1137 3176 militiae
1166 3103 1292 3178 adsmi-

268 3242 419 3330 teretur,
443 3244 584 3330 patrem
611 3238 748 3310 nomine
765 3235 999 3328 Ricinrdum,
1024 3260 1151 3328 ponere
1178 3243 1210 3309 et
1237 3259 1291 3310 re·

266 3372 327 3443 bno
367 3371 520 3460 doram
561 3370 659 3462 adit,
702 3371 803 3461 eique
840 3371 957 3443 rnundi
998 3377 1211 3443 contemtum
1254 3377 1291 3443 et

267 3504 576 3596 peregrinationem
592 3502 734 3576 suadere
762 3505 890 3595 eoepit.
921 3504 998 3595 Qui,
1028 3524 1105 3574 cnm
1133 3502 1291 3595 objieiret

267 3635 348 3729 tilio,
377 3637 440 3710 sibi
473 3637 582 3709 videri
616 3635 884 3708 crudelissimum
918 3641 954 3707 et
981 3637 1118 3707 omnino
1155 3636 1199 3710 ab
1227 3636 1289 3709 irn-

266 3772 430 3844 manitate
457 3771 619 3859 alienum,
649 3765 739 3843 iiiios
767 3767 901 3860 orbare,
929 3770 1109 3864 conjugem
1137 3768 1288 3861 viduare,
