3368 4650
1293 591 1356 703 rar

331 835 437 905 sonat
470 830 589 904 civitas
623 827 711 902 1111:
754 825 924 899 kariath
956 826 1093 917 civitas,
1139 824 1241 898 arba
1276 819 1352 913 1111,

333 987 376 1038 eo
413 965 507 1057 qnod
548 968 696 1057 quatuor
733 970 848 1057 patres
882 962 928 1035 illi
969 962 1149 1036 reverendi
1191 961 1225 1032 in
1265 980 1355 1050 spe-

333 1076 459 1172 lunca
486 1100 659 1190 duplice
688 1101 722 1170 in
743 1120 785 1172 ea
801 1099 926 1171 fuerint
938 1096 1073 1188 sepulti,
1097 1096 1219 1185 Adam,
1243 1094 1354 1166 Abra·

334 1231 426 1320 narn,
456 1233 549 1304 Isaac
575 1238 613 1303 et
632 1232 750 1323 Jacob,
780 1239 954 1305 eteorum
976 1252 1110 1319 uxores,
1133 1229 1220 1318 Eva,
1244 1234 1357 1299 mator

334 1370 468 1451 nostra,
505 1362 606 1453 Sara,
642 1363 802 1436 Rebecca
834 1365 977 1438 ethin.
1039 1364 1106 1437 nst
1140 1370 1254 1436 nutenr
1288 1361 1357 1435 He·

335 1495 424 1564 bron
454 1495 558 1584 juxta
589 1496 745 1569 vallem
779 1495 1066 1570 Lacrimarum
1109 1499 1184 1568 sita.
1251 1495 1356 1567 Vadis

336 1625 571 1697 Lacrimarunr
603 1629 695 1699 diota
717 1635 770 1698 ost
797 1650 854 1719 eo,
877 1630 965 1720 quod
991 1636 1125 1702 centnm
1146 1631 1244 1700 arnris
1265 1631 1299 1699 in
1320 1649 1362 1700 ea

341 1758 471 1830 luxerit
497 1757 608 1829 Adam
636 1759 740 1831 iilinnr
775 1782 871 1832 suurn
897 1763 1002 1834 Abel:
1032 1764 1064 1832 in
1095 1781 1178 1851 qua,
1214 1762 1362 1830 monitus

335 1898 458 1983 postea
485 1889 528 1961 ab
555 1890 692 1980 angelo,
728 1895 888 1981 cognorit
914 1914 1050 1966 uxorem
1079 1914 1191 1981 snam,
1227 1914 1269 1964 er
1295 1911 1362 1981 qua

337 2023 464 2097 deindo
505 2025 623 2112 genuit
654 2022 760 2095 filiurn
793 2047 890 2098 snnrn
923 2025 1022 2116 Seth,
1064 2027 1109 2099 de
1145 2027 1243 2116 eujus
1270 2024 1359 2096 tribu

338 2158 496 2230 Christus
525 2161 600 2226 erat
626 2157 796 2230 oriundus.
852 2157 1004 2231 Secundo
1033 2160 1191 2231 milliario
1218 2159 1262 2228 ab
1291 2157 1362 2228 He·

337 2292 426 2363 bron
453 2288 630 2380 sepultura
655 2288 760 2380 Loth,
791 2294 922 2382 nepotis
937 2293 1124 2364 Abraham.
1164 2292 1204 2363 In
1218 2291 1359 2363 Hebron

338 2423 492 2496 habetur
530 2441 633 2508 ager
673 2422 823 2514 quidam,
868 2426 962 2516 cujus
1000 2426 1102 2514 gleba
1148 2425 1255 2496 nubea
1297 2432 1358 2495 ost.

340 2556 438 2630 Haec
471 2555 515 2626 ab
557 2553 675 2626 incolis
716 2557 876 2629 effoditur
914 2565 949 2628 et
994 2559 1187 2629 comeditur
1228 2565 1263 2630 et
1301 2576 1363 2648 por

340 2693 537 2780 Aegyptum
567 2689 694 2760 rorans
721 2698 932 2780 asportatur,
961 2710 1048 2780 quae
1077 2712 1140 2779 pro
1167 2691 1280 2778 specie
1308 2709 1363 2759 ca·

339 2822 474 2894 rissirna
507 2820 674 2893 venditur.
746 2821 940 2895 praedictus
980 2843 1080 2915 agor,
1123 2824 1157 2892 in
1198 2826 1362 2911 quantuor

340 2955 411 3025 late
440 2959 478 3024 et
505 2953 671 3044 profunde
701 2955 841 3026 effossus
869 2964 936 3045 ost,
975 2955 1009 3025 in
1042 2959 1174 3024 tantam
1202 2952 1266 3023 Dei
1295 2952 1362 3023 dis·

339 3086 520 3177 positione,
549 3109 637 3157 anno
665 3085 771 3176 finito,
800 3088 1052 3175 redintegratus
1079 3086 1261 3175 reperitur.

423 3218 528 3290 Juxta
555 3218 695 3290 Hebron
723 3242 818 3291 mons
839 3219 1040 3311 Mambre,
1066 3218 1110 3289 ad
1143 3218 1241 3321 cujas
1274 3216 1365 3288 radi·

341 3372 418 3421 cenr
454 3352 729 3424 terebinthus
762 3353 835 3441 iiia,
880 3374 964 3443 qnae
995 3354 1089 3443 dirps
1125 3359 1285 3437 vocatur,
1329 3347 1363 3418 id

340 3491 412 3573 est,
453 3483 520 3554 ilex
554 3492 615 3556 out
650 3508 813 3576 quereus,
852 3508 947 3557 serus
983 3507 1084 3576 quana
1121 3506 1184 3573 por
1222 3482 1363 3552 muitum

341 3617 507 3706 temporis
536 3619 658 3689 rnansit
695 3619 883 3689 Abraham:
922 3620 985 3690 sab
1020 3639 1088 3706 qua
1122 3625 1193 3686 tros
1226 3614 1366 3704 angelos

344 3747 431 3819 vidit
458 3753 494 3819 et
520 3771 622 3820 ununr
641 3751 805 3840 adoravit,
836 3752 1050 3841 hospitioque
1071 3757 1238 3840 suscepto,
1262 3752 1366 3839 prout

342 3881 481 3972 dignius
518 3885 647 3974 potnit,
690 3884 776 3956 fovit
809 3892 845 3956 et
880 3887 985 3975 parit.
1049 3881 1149 3955 Unde
1184 3890 1223 3953 et
1254 3881 1365 3972 prima

1212 4004 1253 4068 12
