3368 4650
344 485 387 552 28

344 666 587 756 Baptistae,
606 672 643 735 et
654 665 702 736 ibi
716 675 816 739 erant
835 667 909 741 fere
925 668 1042 757 viginti
1057 664 1225 736 monaehi.
1255 661 1363 735 Unam

343 803 478 870 noctem
505 796 553 868 ibi
580 798 774 871 manebant.
821 799 871 873 Et
898 801 976 874 inde
1004 800 1102 871 ibant
1129 818 1234 890 snper
1260 816 1363 867 unum

342 929 485 1002 milliare
511 929 557 1001 ad
584 930 607 1003 J
613 931 822 1024 ordonem,
851 935 910 1007 ubi
928 935 1092 1007 Dominus
1120 929 1224 1004 fuerit
1252 929 1364 1020 bapti·

343 1069 449 1134 zatus.
505 1062 555 1134 lbi
583 1067 636 1134 est
663 1085 751 1136 nunc
784 1066 926 1140 eeclesia
959 1067 993 1138 in
1029 1065 1190 1138 columnis
1223 1061 1364 1155 lapideis

341 1217 473 1269 sursum
502 1195 646 1285 elevata,
677 1201 713 1267 et
739 1197 858 1271 subtus
886 1200 1066 1273 ecclesiam
1096 1202 1150 1272 est
1163 1218 1254 1270 nunt
1269 1195 1363 1269 arida
1442 1236 1444 1241 ·

340 1338 452 1417 terra,
490 1328 547 1400 ubi
584 1326 752 1402 Dominus
788 1329 851 1403 fuit
884 1331 1074 1422 baptizatus
1101 1332 1238 1423 inipso
1265 1330 1357 1401 loco.

218 1531 225 1544 ,
340 1460 387 1533 Et
424 1460 483 1532 ubi
519 1481 608 1532 nunc
642 1461 837 1553 baptizant,
879 1463 927 1534 ibi
966 1470 1037 1537 stat
1071 1486 1154 1536 crux
1187 1463 1301 1552 lignea
1326 1461 1360 1532 in

338 1595 462 1684 medio,
492 1600 528 1668 et
554 1615 661 1685 parra
689 1594 853 1667 derivatio
881 1616 990 1686 aquae
1017 1601 1086 1670 stat
1105 1595 1187 1684 illic,
1218 1600 1256 1667 et
1275 1615 1362 1665 unus

338 1727 517 1816 funiculus,
547 1731 705 1799 extensus
739 1746 842 1816 supra
868 1727 1053 1800 Jordanem
1092 1727 1174 1798 hinc
1208 1731 1246 1799 et
1270 1724 1360 1814 inde,

338 1858 499 1930 firmatur.
558 1858 652 1932 Tunc
688 1859 722 1930 in
750 1861 968 1932 solemnitate
1003 1856 1207 1950 epiphaniae
1234 1855 1358 1929 infirmi

338 1999 374 2063 ot
398 1990 531 2080 aegroti
559 1991 737 2064 venientes
770 1992 897 2064 habent
922 2012 960 2063 se
985 1990 1028 2064 de
1053 1990 1215 2080 funiculo,
1245 1994 1282 2059 et
1307 1990 1357 2060 sie

337 2124 583 2211 demerguntur
620 2124 656 2193 in
689 2144 821 2215 aquam.
886 2121 954 2194 Sed
989 2130 1024 2194 et
1056 2122 1234 2211 mulieres,
1270 2140 1357 2210 quae

336 2260 416 2326 sunt
442 2253 586 2342 steriles,
616 2255 793 2326 venientes
819 2256 865 2327 ibi
893 2256 1038 2343 gratiam
1058 2253 1194 2324 Domini
1221 2271 1356 2323 meren·

336 2393 403 2456 tur.
445 2381 636 2474 Episoopus
661 2390 777 2458 noster
803 2385 1020 2457 willibaldus
1046 2384 1219 2457 balneavit
1246 2404 1283 2455 se
1309 2381 1356 2454 ibi

336 2516 369 2587 in
396 2514 560 2588 Jordane.
618 2513 729 2589 Unum
757 2517 847 2589 diem
874 2515 1016 2589 suerunt
1043 2516 1101 2588 ibi.

364 2825 464 2892 XVII.
501 2823 651 2910 (ialgala,
672 2825 817 2906 Jertobo,
841 2827 1071 2894 monasterinm
1093 2843 1120 2891 s.
1143 2822 1322 2905 Itntbymti.

415 3038 466 3111 Et
491 3040 682 3133 pergebant
710 3040 788 3112 inde
815 3047 895 3113 tunc
921 3047 958 3115 et
982 3041 1164 3113 veniebant
1190 3040 1235 3112 ad
1262 3038 1357 3113 Gal·

332 3173 444 3261 gala.
483 3172 534 3244 lbi
561 3179 642 3244 sunt
668 3173 760 3244 inter
772 3175 922 3263 quinque
932 3173 1099 3262 milliaria,
1129 3178 1167 3243 et
1179 3171 1355 3244 duodecim

331 3303 461 3394 lapides
499 3302 568 3374 illic
608 3308 688 3374 sunt
721 3303 756 3374 in
797 3304 948 3377 ecclesia.
1006 3304 1067 3375 llla
1100 3308 1154 3391 est
1179 3303 1293 3393 lignea
1318 3308 1356 3375 et

332 3457 400 3507 non
427 3454 561 3525 magna
606 3431 679 3505 Illic
704 3440 783 3507 sunt
810 3435 984 3508 duodecim
998 3435 1141 3528 lapides,
1171 3434 1354 3527 quostule·

333 3573 412 3642 runt
437 3566 498 3640 filii
511 3565 616 3640 Israel
644 3565 688 3638 de
702 3565 864 3657 Jordane,
894 3572 930 3640 et
955 3573 1184 3660 portaverunt
1210 3566 1253 3638 ad
1274 3565 1355 3639 Gal-

328 3700 406 3790 gala
430 3719 535 3791 super
560 3698 705 3792 quinque
731 3700 890 3772 milliaria
916 3704 1155 3792 obposuerunt
1174 3698 1219 3772 ad
1246 3698 1342 3772 testi·
