<?xml version="1.0" encoding="UTF-8"?>
<!DOCTYPE html PUBLIC "-//W3C//DTD XHTML 1.0 Transitional//EN"
    "http://www.w3.org/TR/xhtml1/DTD/xhtml1-transitional.dtd">
<html xmlns="http://www.w3.org/1999/xhtml" xml:lang="en" lang="en">
 <head>
  <title>
</title>
<meta http-equiv="Content-Type" content="text/html;charset=utf-8" />
  <meta name='ocr-system' content='tesseract 3.04.00' />
  <meta name='ocr-capabilities' content='ocr_page ocr_carea ocr_par ocr_line ocrx_word'/>
</head>
<body>
  <div class='ocr_page' id='page_1' title='image "./descriptioneste00toblgoog_0111.png"; bbox 0 0 3368 4650; ppageno 0'>
   <div class='ocr_carea' id='block_1_1' title="bbox 779 1345 1022 1422">
    <p class='ocr_par' dir='ltr' id='par_1_1' title="bbox 779 1345 1022 1422">
     <span class='ocr_line' id='line_1_1' title="bbox 779 1345 1022 1422; baseline -0.021 0"><span class='ocrx_word' id='word_1_1' title='bbox 779 1345 900 1422; x_wconf 86' lang='lat' dir='ltr'><strong>lv.</strong></span> <span class='ocrx_word' id='word_1_2' title='bbox 1013 1390 1022 1399; x_wconf 84' lang='lat'><strong>·-</strong></span> 
     </span>
    </p>
   </div>
   <div class='ocr_carea' id='block_1_2' title="bbox 391 1520 1296 1624">
    <p class='ocr_par' dir='ltr' id='par_1_2' title="bbox 391 1520 1296 1624">
     <span class='ocr_line' id='line_1_2' title="bbox 391 1520 1296 1624; baseline 0.003 -24"><span class='ocrx_word' id='word_1_3' title='bbox 391 1520 604 1602; x_wconf 90' lang='lat' dir='ltr'><strong>lnnoninati</strong></span> <span class='ocrx_word' id='word_1_4' title='bbox 634 1520 707 1602; x_wconf 88' lang='lat' dir='ltr'><strong>llll.</strong></span> <span class='ocrx_word' id='word_1_5' title='bbox 736 1520 936 1624; x_wconf 76' lang='lat' dir='ltr'><strong>descriptio</strong></span> <span class='ocrx_word' id='word_1_6' title='bbox 965 1521 1102 1604; x_wconf 79' lang='lat' dir='ltr'><strong>l&#39;erroc</strong></span> <span class='ocrx_word' id='word_1_7' title='bbox 1129 1525 1296 1608; x_wconf 80' lang='lat' dir='ltr'><strong>Snnctao.</strong></span> 
     </span>
    </p>
   </div>
   <div class='ocr_carea' id='block_1_3' title="bbox 328 1739 1349 3548">
    <p class='ocr_par' dir='ltr' id='par_1_3' title="bbox 330 1739 1349 2235">
     <span class='ocr_line' id='line_1_3' title="bbox 413 1739 1349 1833; baseline -0.001 -21"><span class='ocrx_word' id='word_1_8' title='bbox 413 1739 448 1813; x_wconf 85' lang='lat' dir='ltr'><strong>si</strong></span> <span class='ocrx_word' id='word_1_9' title='bbox 484 1742 559 1833; x_wconf 90' lang='lat' dir='ltr'><strong>quis</strong></span> <span class='ocrx_word' id='word_1_10' title='bbox 592 1742 663 1814; x_wconf 87' lang='lat' dir='ltr'><strong>vult</strong></span> <span class='ocrx_word' id='word_1_11' title='bbox 696 1741 827 1813; x_wconf 89' lang='lat' dir='ltr'><strong>intrare</strong></span> <span class='ocrx_word' id='word_1_12' title='bbox 860 1739 1069 1829; x_wconf 79' lang='lat' dir='ltr'><strong>Jerusalem,</strong></span> <span class='ocrx_word' id='word_1_13' title='bbox 1113 1746 1228 1813; x_wconf 89' lang='lat' dir='ltr'><strong>ortum</strong></span> <span class='ocrx_word' id='word_1_14' title='bbox 1269 1741 1349 1813; x_wconf 89' lang='lat' dir='ltr'><strong>solis</strong></span> 
     </span>
     <span class='ocr_line' id='line_1_4' title="bbox 332 1873 1349 1968; baseline -0.003 -24"><span class='ocrx_word' id='word_1_15' title='bbox 332 1893 467 1966; x_wconf 80' lang='lat' dir='ltr'><strong>semper</strong></span> <span class='ocrx_word' id='word_1_16' title='bbox 491 1879 621 1968; x_wconf 82' lang='lat' dir='ltr'><strong>teneat,</strong></span> <span class='ocrx_word' id='word_1_17' title='bbox 649 1894 713 1965; x_wconf 90' lang='lat' dir='ltr'><strong>per</strong></span> <span class='ocrx_word' id='word_1_18' title='bbox 730 1878 864 1964; x_wconf 89' lang='lat' dir='ltr'><strong>portam</strong></span> <span class='ocrx_word' id='word_1_19' title='bbox 898 1875 1005 1947; x_wconf 89' lang='lat' dir='ltr'><strong>saneti</strong></span> <span class='ocrx_word' id='word_1_20' title='bbox 1035 1873 1198 1964; x_wconf 83' lang='lat' dir='ltr'><strong>Stephani</strong></span> <span class='ocrx_word' id='word_1_21' title='bbox 1227 1874 1349 1945; x_wconf 84' lang='lat' dir='ltr'><strong>intret:</strong></span> 
     </span>
     <span class='ocr_line' id='line_1_5' title="bbox 332 2004 1349 2102; baseline -0.001 -27"><span class='ocrx_word' id='word_1_22' title='bbox 332 2006 378 2076; x_wconf 92' lang='lat' dir='ltr'><strong>ihi</strong></span> <span class='ocrx_word' id='word_1_23' title='bbox 394 2012 503 2079; x_wconf 86' lang='lat' dir='ltr'><strong>extra</strong></span> <span class='ocrx_word' id='word_1_24' title='bbox 520 2011 653 2096; x_wconf 90' lang='lat' dir='ltr'><strong>portam</strong></span> <span class='ocrx_word' id='word_1_25' title='bbox 682 2007 848 2098; x_wconf 91' lang='lat' dir='ltr'><strong>lapidatus</strong></span> <span class='ocrx_word' id='word_1_26' title='bbox 876 2007 958 2077; x_wconf 81' lang='lat' dir='ltr'><strong>droit:</strong></span> <span class='ocrx_word' id='word_1_27' title='bbox 987 2012 1023 2078; x_wconf 89' lang='lat' dir='ltr'><strong>et</strong></span> <span class='ocrx_word' id='word_1_28' title='bbox 1049 2007 1139 2078; x_wconf 88' lang='lat' dir='ltr'><strong>intra</strong></span> <span class='ocrx_word' id='word_1_29' title='bbox 1155 2004 1349 2102; x_wconf 85' lang='lat' dir='ltr'><strong>Jerusalem</strong></span> 
     </span>
     <span class='ocr_line' id='line_1_6' title="bbox 330 2137 877 2235; baseline 0.005 -29"><span class='ocrx_word' id='word_1_30' title='bbox 330 2137 407 2209; x_wconf 88' lang='lat' dir='ltr'><strong>loca</strong></span> <span class='ocrx_word' id='word_1_31' title='bbox 433 2158 496 2229; x_wconf 91' lang='lat' dir='ltr'><strong>per</strong></span> <span class='ocrx_word' id='word_1_32' title='bbox 523 2137 676 2211; x_wconf 89' lang='lat' dir='ltr'><strong>ordinem</strong></span> <span class='ocrx_word' id='word_1_33' title='bbox 703 2138 877 2235; x_wconf 57' lang='lat' dir='ltr'><strong>inquirat„</strong></span> 
     </span>
    </p>

    <p class='ocr_par' dir='ltr' id='par_1_4' title="bbox 328 2265 1346 3548">
     <span class='ocr_line' id='line_1_7' title="bbox 412 2265 1345 2360; baseline -0.002 -22"><span class='ocrx_word' id='word_1_34' title='bbox 412 2270 452 2338; x_wconf 90' lang='lat' dir='ltr'><strong>ln</strong></span> <span class='ocrx_word' id='word_1_35' title='bbox 485 2269 725 2344; x_wconf 86' lang='lat' dir='ltr'><strong>Jerusalem</strong></span> <span class='ocrx_word' id='word_1_36' title='bbox 760 2277 813 2341; x_wconf 88' lang='lat' dir='ltr'><strong>est</strong></span> <span class='ocrx_word' id='word_1_37' title='bbox 843 2271 1056 2360; x_wconf 86' lang='lat' dir='ltr'><strong>sepulchrum</strong></span> <span class='ocrx_word' id='word_1_38' title='bbox 1084 2271 1230 2344; x_wconf 91' lang='lat' dir='ltr'><strong>Domini.</strong></span> <span class='ocrx_word' id='word_1_39' title='bbox 1290 2265 1345 2336; x_wconf 80' lang='lat' dir='ltr'><strong>Ad</strong></span> 
     </span>
     <span class='ocr_line' id='line_1_8' title="bbox 329 2400 1346 2494; baseline -0.003 -23"><span class='ocrx_word' id='word_1_40' title='bbox 329 2401 503 2472; x_wconf 90' lang='lat' dir='ltr'><strong>introitum</strong></span> <span class='ocrx_word' id='word_1_41' title='bbox 539 2407 714 2491; x_wconf 91' lang='lat' dir='ltr'><strong>portarum</strong></span> <span class='ocrx_word' id='word_1_42' title='bbox 751 2400 938 2492; x_wconf 88' lang='lat' dir='ltr'><strong>sepulchri,</strong></span> <span class='ocrx_word' id='word_1_43' title='bbox 977 2410 1075 2475; x_wconf 86' lang='lat' dir='ltr'><strong>extra</strong></span> <span class='ocrx_word' id='word_1_44' title='bbox 1109 2409 1258 2494; x_wconf 89' lang='lat' dir='ltr'><strong>portam,</strong></span> <span class='ocrx_word' id='word_1_45' title='bbox 1295 2404 1346 2468; x_wconf 87' lang='lat' dir='ltr'><strong>est</strong></span> 
     </span>
     <span class='ocr_line' id='line_1_9' title="bbox 330 2533 1342 2622; baseline -0.006 -17"><span class='ocrx_word' id='word_1_46' title='bbox 330 2533 474 2605; x_wconf 87' lang='lat' dir='ltr'><strong>ecclesia</strong></span> <span class='ocrx_word' id='word_1_47' title='bbox 501 2533 689 2622; x_wconf 74' lang='lat' dir='ltr'><strong>calvariae,</strong></span> <span class='ocrx_word' id='word_1_48' title='bbox 720 2534 773 2605; x_wconf 92' lang='lat' dir='ltr'><strong>uhi</strong></span> <span class='ocrx_word' id='word_1_49' title='bbox 803 2541 918 2606; x_wconf 87' lang='lat' dir='ltr'><strong>sancta</strong></span> <span class='ocrx_word' id='word_1_50' title='bbox 945 2533 1058 2607; x_wconf 86' lang='lat' dir='ltr'><strong>Maria</strong></span> <span class='ocrx_word' id='word_1_51' title='bbox 1091 2535 1155 2606; x_wconf 89' lang='lat' dir='ltr'><strong>iuit</strong></span> <span class='ocrx_word' id='word_1_52' title='bbox 1183 2540 1218 2604; x_wconf 86' lang='lat' dir='ltr'><strong>et</strong></span> <span class='ocrx_word' id='word_1_53' title='bbox 1245 2550 1342 2601; x_wconf 87' lang='lat' dir='ltr'><strong>sarre-</strong></span> 
     </span>
     <span class='ocr_line' id='line_1_10' title="bbox 328 2659 1341 2757; baseline -0.006 -20"><span class='ocrx_word' id='word_1_54' title='bbox 328 2672 382 2737; x_wconf 89' lang='lat' dir='ltr'><strong>tus</strong></span> <span class='ocrx_word' id='word_1_55' title='bbox 395 2665 569 2739; x_wconf 77' lang='lat' dir='ltr'><strong>lohannes</strong></span> <span class='ocrx_word' id='word_1_56' title='bbox 582 2667 701 2747; x_wconf 86' lang='lat' dir='ltr'><strong>stabat,</strong></span> <span class='ocrx_word' id='word_1_57' title='bbox 726 2664 861 2757; x_wconf 84' lang='lat' dir='ltr'><strong>qormodo</strong></span> <span class='ocrx_word' id='word_1_58' title='bbox 883 2665 1048 2739; x_wconf 80' lang='lat' dir='ltr'><strong>Dominus</strong></span> <span class='ocrx_word' id='word_1_59' title='bbox 1070 2668 1168 2738; x_wconf 86' lang='lat' dir='ltr'><strong>dixit:</strong></span> <span class='ocrx_word' id='word_1_60' title='bbox 1198 2659 1341 2748; x_wconf 76' lang='lat' dir='ltr'><strong>Mulier,</strong></span> 
     </span>
     <span class='ocr_line' id='line_1_11' title="bbox 328 2793 1344 2889; baseline -0.004 -21"><span class='ocrx_word' id='word_1_61' title='bbox 328 2819 404 2868; x_wconf 88' lang='lat' dir='ltr'><strong>ecce</strong></span> <span class='ocrx_word' id='word_1_62' title='bbox 427 2797 523 2885; x_wconf 76' lang='lat' dir='ltr'><strong>filios</strong></span> <span class='ocrx_word' id='word_1_63' title='bbox 556 2804 653 2889; x_wconf 54' lang='lat' dir='ltr'><strong>tuom</strong></span> <span class='ocrx_word' id='word_1_64' title='bbox 682 2853 690 2868; x_wconf 93' lang='lat'><strong>.</strong></span> <span class='ocrx_word' id='word_1_65' title='bbox 722 2795 828 2886; x_wconf 51' lang='lat' dir='ltr'><strong>fili,</strong></span> <span class='ocrx_word' id='word_1_66' title='bbox 864 2820 939 2871; x_wconf 84' lang='lat' dir='ltr'><strong>ecoe</strong></span> <span class='ocrx_word' id='word_1_67' title='bbox 972 2805 1084 2872; x_wconf 78' lang='lat' dir='ltr'><strong>mater·</strong></span> <span class='ocrx_word' id='word_1_68' title='bbox 1110 2804 1180 2870; x_wconf 81' lang='lat' dir='ltr'><strong>teca.</strong></span> <span class='ocrx_word' id='word_1_69' title='bbox 1236 2793 1344 2864; x_wconf 82' lang='lat' dir='ltr'><strong>Extra</strong></span> 
     </span>
     <span class='ocr_line' id='line_1_12' title="bbox 330 2926 1343 3018; baseline -0.005 -19"><span class='ocrx_word' id='word_1_70' title='bbox 330 2934 464 3018; x_wconf 90' lang='lat' dir='ltr'><strong>portam</strong></span> <span class='ocrx_word' id='word_1_71' title='bbox 492 2951 513 3001; x_wconf 92' lang='lat' dir='ltr'><strong>a</strong></span> <span class='ocrx_word' id='word_1_72' title='bbox 539 2931 675 3002; x_wconf 88' lang='lat' dir='ltr'><strong>sinistra</strong></span> <span class='ocrx_word' id='word_1_73' title='bbox 703 2936 802 3017; x_wconf 90' lang='lat' dir='ltr'><strong>parte</strong></span> <span class='ocrx_word' id='word_1_74' title='bbox 831 2936 884 3001; x_wconf 85' lang='lat' dir='ltr'><strong>cst</strong></span> <span class='ocrx_word' id='word_1_75' title='bbox 913 2931 1020 3002; x_wconf 88' lang='lat' dir='ltr'><strong>altaro</strong></span> <span class='ocrx_word' id='word_1_76' title='bbox 1048 2930 1155 3001; x_wconf 89' lang='lat' dir='ltr'><strong>sancti</strong></span> <span class='ocrx_word' id='word_1_77' title='bbox 1178 2926 1343 2998; x_wconf 87' lang='lat' dir='ltr'><strong>Johannis</strong></span> 
     </span>
     <span class='ocr_line' id='line_1_13' title="bbox 328 3059 1345 3153; baseline -0.003 -23"><span class='ocrx_word' id='word_1_78' title='bbox 328 3059 511 3151; x_wconf 86' lang='lat' dir='ltr'><strong>Baptistae.</strong></span> <span class='ocrx_word' id='word_1_79' title='bbox 575 3064 669 3133; x_wconf 90' lang='lat' dir='ltr'><strong>Intra</strong></span> <span class='ocrx_word' id='word_1_80' title='bbox 702 3068 833 3153; x_wconf 87' lang='lat' dir='ltr'><strong>portam</strong></span> <span class='ocrx_word' id='word_1_81' title='bbox 867 3083 998 3136; x_wconf 89' lang='lat' dir='ltr'><strong>rursum</strong></span> <span class='ocrx_word' id='word_1_82' title='bbox 1035 3061 1077 3133; x_wconf 92' lang='lat' dir='ltr'><strong>ad</strong></span> <span class='ocrx_word' id='word_1_83' title='bbox 1106 3061 1258 3131; x_wconf 84' lang='lat' dir='ltr'><strong>dextram</strong></span> <span class='ocrx_word' id='word_1_84' title='bbox 1293 3064 1345 3129; x_wconf 88' lang='lat' dir='ltr'><strong>est</strong></span> 
     </span>
     <span class='ocr_line' id='line_1_14' title="bbox 328 3191 1344 3282; baseline 0.001 -19"><span class='ocrx_word' id='word_1_85' title='bbox 328 3212 442 3263; x_wconf 88' lang='lat' dir='ltr'><strong>mons</strong></span> <span class='ocrx_word' id='word_1_86' title='bbox 471 3191 712 3282; x_wconf 73' lang='lat' dir='ltr'><strong>calvariae,</strong></span> <span class='ocrx_word' id='word_1_87' title='bbox 751 3195 808 3264; x_wconf 92' lang='lat' dir='ltr'><strong>uhi</strong></span> <span class='ocrx_word' id='word_1_88' title='bbox 837 3194 1016 3266; x_wconf 81' lang='lat' dir='ltr'><strong>crucifixus</strong></span> <span class='ocrx_word' id='word_1_89' title='bbox 1052 3198 1128 3266; x_wconf 85' lang='lat' dir='ltr'><strong>erat</strong></span> <span class='ocrx_word' id='word_1_90' title='bbox 1167 3192 1344 3275; x_wconf 66' lang='lat' dir='ltr'><strong>Dominus</strong></span> 
     </span>
     <span class='ocr_line' id='line_1_15' title="bbox 329 3322 1344 3416; baseline 0.001 -22"><span class='ocrx_word' id='word_1_91' title='bbox 329 3324 444 3395; x_wconf 89' lang='lat' dir='ltr'><strong>subtus</strong></span> <span class='ocrx_word' id='word_1_92' title='bbox 471 3331 524 3395; x_wconf 88' lang='lat' dir='ltr'><strong>est</strong></span> <span class='ocrx_word' id='word_1_93' title='bbox 552 3322 775 3412; x_wconf 80' lang='lat' dir='ltr'><strong>Golgotha,</strong></span> <span class='ocrx_word' id='word_1_94' title='bbox 812 3326 869 3396; x_wconf 89' lang='lat' dir='ltr'><strong>ubi</strong></span> <span class='ocrx_word' id='word_1_95' title='bbox 897 3329 1033 3416; x_wconf 79' lang='lat' dir='ltr'><strong>sanguis</strong></span> <span class='ocrx_word' id='word_1_96' title='bbox 1061 3324 1195 3396; x_wconf 91' lang='lat' dir='ltr'><strong>Domini</strong></span> <span class='ocrx_word' id='word_1_97' title='bbox 1223 3324 1344 3395; x_wconf 87' lang='lat' dir='ltr'><strong>cecidit</strong></span> 
     </span>
     <span class='ocr_line' id='line_1_16' title="bbox 328 3455 1342 3548; baseline -0.001 -21"><span class='ocrx_word' id='word_1_98' title='bbox 328 3456 371 3528; x_wconf 90' lang='lat' dir='ltr'><strong>ad</strong></span> <span class='ocrx_word' id='word_1_99' title='bbox 404 3464 545 3548; x_wconf 88' lang='lat' dir='ltr'><strong>petram.</strong></span> <span class='ocrx_word' id='word_1_100' title='bbox 602 3455 650 3528; x_wconf 88' lang='lat' dir='ltr'><strong>Et</strong></span> <span class='ocrx_word' id='word_1_101' title='bbox 683 3457 727 3527; x_wconf 92' lang='lat' dir='ltr'><strong>ibi</strong></span> <span class='ocrx_word' id='word_1_102' title='bbox 764 3456 828 3528; x_wconf 85' lang='lat' dir='ltr'><strong>fuit</strong></span> <span class='ocrx_word' id='word_1_103' title='bbox 862 3465 963 3547; x_wconf 88' lang='lat' dir='ltr'><strong>caput</strong></span> <span class='ocrx_word' id='word_1_104' title='bbox 998 3458 1126 3545; x_wconf 70' lang='lat' dir='ltr'><strong>,helom</strong></span> <span class='ocrx_word' id='word_1_105' title='bbox 1171 3456 1342 3527; x_wconf 84' lang='lat' dir='ltr'><strong>Abraham</strong></span> 
     </span>
    </p>
   </div>
   <div class='ocr_carea' id='block_1_4' title="bbox 221 3587 1342 3679">
    <p class='ocr_par' dir='ltr' id='par_1_5' title="bbox 221 3587 1342 3679">
     <span class='ocr_line' id='line_1_17' title="bbox 221 3587 1342 3679; baseline -0.003 -20"><span class='ocrx_word' id='word_1_106' title='bbox 221 3619 227 3625; x_wconf 96' lang='lat'>·</span> <span class='ocrx_word' id='word_1_107' title='bbox 327 3588 528 3660; x_wconf 82' lang='lat' dir='ltr'><strong>sacrificium</strong></span> <span class='ocrx_word' id='word_1_108' title='bbox 555 3589 642 3659; x_wconf 84' lang='lat' dir='ltr'><strong>iecit.</strong></span> <span class='ocrx_word' id='word_1_109' title='bbox 698 3588 752 3661; x_wconf 87' lang='lat' dir='ltr'><strong>Ex</strong></span> <span class='ocrx_word' id='word_1_110' title='bbox 780 3591 847 3662; x_wconf 88' lang='lat' dir='ltr'><strong>alio</strong></span> <span class='ocrx_word' id='word_1_111' title='bbox 876 3590 986 3662; x_wconf 87' lang='lat' dir='ltr'><strong>latere</strong></span> <span class='ocrx_word' id='word_1_112' title='bbox 1014 3591 1057 3661; x_wconf 92' lang='lat' dir='ltr'><strong>ad</strong></span> <span class='ocrx_word' id='word_1_113' title='bbox 1086 3587 1190 3679; x_wconf 90' lang='lat' dir='ltr'><strong>pedes</strong></span> <span class='ocrx_word' id='word_1_114' title='bbox 1218 3589 1342 3657; x_wconf 90' lang='lat' dir='ltr'><strong>montis</strong></span> 
     </span>
    </p>
   </div>
   <div class='ocr_carea' id='block_1_5' title="bbox 328 3717 1341 3812">
    <p class='ocr_par' dir='ltr' id='par_1_6' title="bbox 328 3717 1341 3812">
     <span class='ocr_line' id='line_1_18' title="bbox 328 3717 1341 3812; baseline -0.001 -23"><span class='ocrx_word' id='word_1_115' title='bbox 328 3717 505 3792; x_wconf 80' lang='lat' dir='ltr'><strong>Calvariae</strong></span> <span class='ocrx_word' id='word_1_116' title='bbox 532 3734 584 3792; x_wconf 87' lang='lat' dir='ltr'><strong>est</strong></span> <span class='ocrx_word' id='word_1_117' title='bbox 609 3722 701 3793; x_wconf 88' lang='lat' dir='ltr'><strong>locus</strong></span> <span class='ocrx_word' id='word_1_118' title='bbox 728 3729 766 3793; x_wconf 90' lang='lat' dir='ltr'><strong>et</strong></span> <span class='ocrx_word' id='word_1_119' title='bbox 793 3723 962 3812; x_wconf 87' lang='lat' dir='ltr'><strong>columna,</strong></span> <span class='ocrx_word' id='word_1_120' title='bbox 998 3724 1055 3796; x_wconf 91' lang='lat' dir='ltr'><strong>ubi</strong></span> <span class='ocrx_word' id='word_1_121' title='bbox 1082 3720 1247 3791; x_wconf 89' lang='lat' dir='ltr'><strong>Dominus</strong></span> <span class='ocrx_word' id='word_1_122' title='bbox 1275 3717 1341 3789; x_wconf 87' lang='lat' dir='ltr'><strong>init</strong></span> 
     </span>
    </p>
   </div>
   <div class='ocr_carea' id='block_1_6' title="bbox 0 0 1688 4650">
    <p class='ocr_par' dir='ltr' id='par_1_7' title="bbox 0 0 1688 4650">
     <span class='ocr_line' id='line_1_19' title="bbox 0 0 1688 4650; baseline 0 2"><span class='ocrx_word' id='word_1_123' title='bbox 0 0 1688 4650; x_wconf 95' lang='lat' dir='ltr'><strong> </strong></span> 
     </span>
    </p>
   </div>
  </div>
 </body>
</html>
