3368 4650
1307 583 1348 650 el

324 782 522 870 aegrotare,
563 784 598 850 et
620 772 762 868 jacebat
789 769 957 862 infirmus,
987 790 1095 863 usque
1123 790 1192 842 una
1220 765 1351 841 hebdo-

324 913 425 986 mede
452 920 529 986 erat
554 918 634 984 ente
662 908 812 982 natalem
840 907 987 980 Domini.
1029 905 1076 978 Et
1104 910 1186 978 tunc
1206 904 1350 998 -quundo

324 1047 450 1137 aliquid
479 1054 653 1119 recreatus
680 1044 744 1116 tuit
771 1051 807 1117 et
834 1042 878 1114 de
895 1041 1092 1114 infirmitate
1106 1040 1228 1113 melius
1243 1039 1348 1111 habe·

324 1179 400 1267 bet,
447 1170 576 1267 surgit
594 1186 630 1250 et
674 1179 756 1250 obiit
794 1175 837 1247 ed
882 1177 974 1248 iilum
1013 1174 1213 1261 ecclesiam,
1259 1192 1346 1265 quue

324 1317 468 1380 vocemur
494 1315 641 1379 sancta
668 1308 780 1381 Sion.
836 1309 896 1380 llio
928 1313 999 1380 stet
1035 1308 1068 1377 in
1102 1307 1216 1380 medio
1243 1307 1347 1380 Jeru-

322 1439 438 1510 salem.
474 1439 547 1511 Illic
575 1441 708 1527 omont,
740 1448 776 1513 et
802 1441 881 1512 inde
910 1441 981 1513 ibot
1007 1440 1040 1510 in
1063 1441 1233 1529 porticum
1250 1437 1345 1510 Selo-

322 1572 442 1643 monis.
499 1570 550 1642 lbi
585 1577 640 1642 est
667 1572 848 1662 piscina,
869 1579 921 1643 et
958 1573 1025 1643 illie
1053 1572 1174 1661 jacent
1207 1570 1342 1659 infirmi,

321 1711 555 1795 exspectantes
582 1704 767 1774 motionem
795 1725 914 1795 nqueo,
951 1702 1087 1794 quando
1114 1703 1255 1792 angelus
1285 1724 1343 1774 re·
1467 1703 1472 1712 ’

321 1839 410 1908 niret
436 1845 473 1908 et
498 1843 654 1908 moueret
681 1854 815 1926 uquam,
844 1843 880 1906 et
906 1843 1007 1924 tunc,
1044 1835 1102 1924 qui
1131 1834 1277 1923 primum
1307 1835 1340 1905 in

321 1969 414 2042 illum
449 1969 687 2056 descenderet,
723 1973 919 2038 sonaretur:
962 1967 1018 2039 ubi
1053 1967 1220 2038 Dominus
1258 1967 1345 2039 dixit

320 2101 529 2191 paralytico:
562 2097 687 2190 Saone,
716 2099 794 2170 totle
804 2099 988 2188 ,innodatum
1015 2104 1112 2170 tuum
1140 2105 1171 2170 et
1188 2098 1337 2172 andulo.

319 2441 385 2508 Π.
416 2441 569 2509 columne
591 2440 795 2519 memorialis,
819 2441 873 2508 ubi
895 2439 1005 2524 jndeei
1028 2458 1146 2526 eorpus
1169 2460 1194 2507 s.
1220 2442 1343 2510 Herios

393 2549 509 2616 tollere
533 2547 714 2621 voluerunt
738 2547 917 2613 trensletto
940 2546 1017 2629 ejus
1043 2553 1159 2615 saneto
1182 2549 1267 2614 Slou.

399 2764 562 2837 Similiter
588 2773 624 2835 et
651 2765 724 2853 ipse
751 2762 850 2851 dixit,
878 2763 968 2854 quod
987 2773 1066 2838 unte
1095 2775 1230 2855 portum
1260 2767 1340 2840 civi·

318 2900 398 2971 tatis
436 2906 543 2970 sturet
575 2916 696 2985 magne
729 2897 943 2984 columna,
988 2905 1024 2968 et
1071 2899 1104 2969 in
1148 2902 1341 2973 summitate

318 3033 492 3104 oolumnee
517 3038 585 3102 stnt
620 3051 702 3101 crux
740 3030 783 3100 nd
816 3031 950 3117 signum
986 3039 1022 3101 et
1054 3031 1097 3103 nd
1132 3034 1341 3124 memorium,

318 3166 374 3237 ubi
420 3164 539 3256 judaei
587 3164 745 3236 roiebnnt
792 3163 914 3234 toliere
958 3183 1118 3254 corpus
1161 3174 1341 3240 sanctae

319 3296 492 3369 Mariae.
545 3295 698 3389 Cumque
726 3297 774 3368 illi
804 3297 961 3369 undecim
990 3299 1149 3388 apostoli,
1180 3299 1340 3372 tollentes

316 3419 440 3521 corpus
466 3438 606 3502 sunctae
634 3428 776 3518 Morino,
806 3437 983 3518 porturent
1012 3430 1096 3500 iuud
1124 3431 1168 3502 de
1195 3430 1335 3504 Jerusa-

316 3563 402 3650 lem,
430 3571 468 3633 et
500 3565 616 3634 stetim
645 3583 721 3633 eum
749 3563 791 3633 od
824 3572 957 3653 portum
993 3565 1151 3635 venirent
1180 3566 1336 3655 civitatis,

312 3695 431 3785 judaei
466 3696 645 3767 noluerunt
677 3695 967 3786 eompreheudere
996 3697 1090 3768 iliud.
1148 3697 1335 3788 Statimque

316 3828 365 3900 iili
393 3827 562 3918 homines,
591 3830 648 3920 qui
675 3830 900 3922 porrigebant
934 3829 1076 3902 brechio
1102 3830 1146 3903 ud
1175 3831 1339 3904 teretrum
