3368 4650
341 523 382 590 12

339 705 487 777 lubricae
514 704 636 775 aetatis
663 703 870 798 petulantias
887 724 952 795 per
962 700 1167 801 indefessam
1187 704 1291 789 atque
1308 698 1359 767 in·

339 836 507 910 eiiabilem
534 834 669 906 divinae
698 832 961 922 dispensationis
984 832 1129 921 gratiam
1158 829 1201 902 ad
1230 829 1360 917 lanugi-

338 991 414 1042 nem
443 973 479 1039 et
494 966 684 1056 pubertatis
712 963 975 1037 adolescentiam
989 962 1224 1055 pervenisset:
1253 962 1358 1034 maxi-

337 1099 481 1172 mamin
510 1097 734 1171 contubernio
760 1097 902 1170 fratrum
930 1096 1147 1170 dilectionem
1170 1117 1232 1190 per
1266 1096 1348 1169 obe·

337 1232 486 1304 dientiae
504 1231 674 1322 allectum,
695 1253 760 1323 per
777 1232 1079 1321 mansuetudinem,
1095 1230 1357 1306 munificentiam

337 1368 370 1438 in
407 1388 444 1439 se
477 1365 703 1456 provocabat,
732 1365 794 1455 ita,
830 1371 868 1436 ut
895 1386 1011 1438 amore
1046 1365 1237 1439 ethonore
1265 1368 1357 1438 inter

337 1520 453 1573 omnes
480 1499 663 1573 haberetur
690 1499 776 1589 illos,
806 1499 923 1591 sicque
953 1500 1079 1572 diutius
1096 1499 1237 1572 diurnae
1264 1499 1355 1574 solli·

336 1632 490 1706 citudinis
518 1654 601 1705 cura
615 1633 786 1706 elucubris
799 1634 997 1706 litterarum
1010 1633 1130 1708 studiis
1143 1631 1353 1706 inhaerendo

335 1767 390 1839 die
417 1772 588 1857 noctuque
623 1773 763 1840 eatenus
790 1767 908 1857 vigore
935 1775 971 1840 et
997 1765 1213 1839 rectitudinis
1239 1767 1354 1854 rigore

333 1904 481 1969 mentem
509 1898 694 1989 edomaret,
732 1905 768 1970 et
802 1901 845 1971 de
874 1899 929 1972 die
963 1901 997 1970 in
1026 1897 1116 1971 diem
1144 1897 1187 1970 ad
1214 1897 1356 1970 meliora

333 2030 488 2104 coelestis
514 2031 655 2103 militiae
682 2032 907 2104 instrumenta
940 2031 1137 2124 proliceret.

333 2342 403 2409 Vll.
426 2342 525 2409 Pater
547 2343 717 2423 consentit,
739 2347 773 2408 et
796 2359 862 2410 nna
884 2359 953 2408 oum
976 2341 1046 2408 lilio
1065 2342 1261 2411 wunebaldo
1283 2361 1351 2410 eon-

613 2447 722 2514 silium
752 2447 972 2533 proficiscendi
994 2447 1069 2514 init

410 2688 595 2779 Postquam
637 2687 695 2760 ille
729 2688 939 2779 adolescens,
976 2688 1103 2763 Christi
1137 2693 1349 2781 vernaculus,

330 2824 418 2894 sient
456 2840 561 2911 snpra
601 2820 762 2911 diximus,
800 2821 934 2911 ignotas
960 2824 1248 2914 peregrinationis
1281 2823 1351 2894 vias

329 2956 475 3046 probare
504 2952 638 3025 volebat
663 2957 767 3044 atque
793 2958 954 3029 externas
975 2957 1197 3029 terminorum
1212 2956 1350 3029 tellures

330 3089 426 3160 adire
452 3086 690 3176 specularique
702 3087 845 3176 optabat
866 3093 969 3180 atque
981 3089 1222 3161 immanissima
1248 3088 1349 3160 maris

330 3220 563 3293 discriminare
604 3219 807 3292 decreverat
838 3240 1008 3313 aequora:
1048 3223 1163 3294 statim
1196 3223 1254 3293 ille
1285 3220 1350 3291 ista

330 3353 441 3426 cordis
467 3351 518 3424 sui
546 3350 766 3441 clandestina,
797 3355 926 3426 cunctis
954 3355 1105 3444 occulta,
1134 3356 1261 3427 carnali
1287 3374 1347 3425 sno

328 3485 496 3560 revelavit
507 3486 608 3578 patri,
624 3490 728 3577 atque
739 3484 833 3558 illum
850 3487 981 3562 obnixis
994 3488 1170 3579 flagitabat
1177 3487 1346 3581 precibus,

329 3625 368 3692 nt
385 3620 521 3692 votivae
536 3639 616 3692 suae
626 3618 814 3694 voluntatis
821 3618 992 3695 desiderio
998 3621 1166 3714 pergendi
1174 3621 1347 3694 eonsilium

328 3773 389 3827 seu
415 3772 611 3828 eonsensum
626 3753 820 3846 praeberet,
851 3759 888 3827 et
905 3761 945 3828 ut
960 3753 1158 3830 transeundi
1171 3753 1347 3826 licentiam
