3368 4650
1305 603 1349 667 49

326 793 531 881 perpetuare
562 784 749 878 respondit.
811 781 861 855 Et
893 789 1009 857 tamen
1042 803 1109 856 uon
1143 783 1252 856 suium
1292 784 1347 875 ibi,

325 923 386 995 sed
424 923 551 1015 ubique
589 923 623 993 in
666 920 757 993 omni
797 923 968 992 terramm
1002 919 1097 1009 ioco,
1141 938 1348 1009 quocunqne

325 1055 418 1127 iiiurn
446 1057 678 1128 transmittere
706 1053 920 1143 dignaretur,
958 1055 1095 1143 devote,
1125 1054 1200 1125 siue
1229 1054 1346 1125 deside

326 1187 534 1274 differentia,
568 1190 752 1260 secuudum
779 1209 862 1258 sune
891 1188 1078 1260 voluntatis
1105 1187 1279 1260 arbitrium
1309 1212 1347 1261 se

326 1338 473 1408 pergere
491 1317 694 1408 spondebat.

327 1654 453 1723 XXXV.
489 1653 666 1722 Proieutio:
696 1656 826 1734 ineam,
850 1658 1004 1737 diuinum,
1028 1658 1183 1739 Brixiam,
1205 1662 1346 1746 cartem

326 1763 368 1828 ad
389 1759 570 1838 odilonem,
602 1760 644 1828 ad
675 1760 831 1844 suidger,
860 1763 905 1828 ad
934 1763 1105 1838 Linthard
1138 1764 1179 1829 ad
1202 1782 1228 1831 a.
1254 1766 1350 1831 Boni·

471 1864 601 1948 iunium,
623 1866 769 1950 Rident,
793 1867 849 1934 ubi
873 1867 1007 1934 aedaeia
1029 1884 1056 1933 a.
1081 1868 1214 1936 itariae.

408 2110 494 2184 Post
523 2109 728 2200 hacetum,
757 2111 859 2182 finitis
881 2111 1096 2182 oracuiorum
1112 2111 1242 2204 fabulis,
1272 2136 1337 2204 per

328 2247 433 2335 gebat
460 2242 539 2315 inde
568 2241 780 2314 Wiiiibaldus
815 2243 848 2313 iu
876 2244 1013 2334 pascha,
1044 2247 1099 2337 qui
1127 2246 1206 2318 iiiuc
1234 2248 1350 2321 venie·

332 2379 390 2450 un
416 2379 450 2447 in
479 2374 594 2446 natale
620 2377 728 2446 sancti
757 2376 932 2464 Andreae,
963 2386 999 2449 et
1025 2377 1252 2452 Tidberrhtus
1280 2402 1351 2452 ma-

330 2512 434 2581 nebat
458 2510 504 2580 ibi
533 2508 576 2578 ud
597 2505 758 2579 Sanctum
773 2509 1007 2582 Benedictum.
1042 2509 1092 2579 iit
1121 2515 1279 2584 veniebat
1306 2516 1350 2584 ad

331 2643 499 2741 Lucam,
527 2641 582 2713 ubi
598 2647 699 2731 pater
711 2641 786 2731 ejus
813 2642 1060 2733 requiescebat.
1098 2642 1147 2714 Et
1164 2646 1242 2715 inde
1257 2649 1352 2718 venit

331 2777 373 2848 ad
387 2775 576 2846 Titiniae
593 2774 720 2860 urbem,
733 2780 769 2843 et
783 2772 1352 2848 indeveuitadurbemBrixiam.

331 2907 380 2979 Bt
402 2907 482 2980 inde
498 2905 648 2977 renitad
675 2905 795 3004 iocum,
824 2907 882 2998 qui
897 2906 1029 2977 dicitur
1042 2904 1180 2978 Carta
1208 2905 1256 2979 Et
1269 2917 1350 2978 tunc

332 3041 424 3113 venit
451 3040 494 3110 ad
523 3038 643 3111 ducem
672 3036 860 3129 Odiiouem,
890 3046 928 3112 et
946 3039 993 3110 ibi
1012 3037 1078 3109 iuit
1100 3060 1200 3109 unam
1220 3038 1350 3111 bebdo-

331 3173 474 3245 madam.
532 3170 580 3243 Et
608 3172 686 3243 inde
714 3173 808 3242 venit
835 3171 878 3243 ad
906 3171 1123 3260 Sangarium,
1152 3180 1188 3242 et
1215 3174 1260 3243 ibi
1289 3172 1352 3244 iuit

330 3306 491 3378 cumdio
521 3326 620 3375 uuam
648 3303 905 3375 hebdomadam.
946 3303 995 3374 Et
1024 3303 1103 3375 iude
1124 3311 1350 3395 perrexerunt

329 3439 373 3510 ad
400 3436 580 3523 Linthard,
609 3435 799 3525 Suitguriu
827 3446 862 3506 et
887 3436 1100 3509 Wiliibuidu
1127 3436 1171 3507 ud
1198 3445 1348 3505 sanctum

329 3569 556 3641 Boniiacimu.
613 3566 661 3637 Et
688 3568 778 3638 misit
806 3569 882 3639 ilios
908 3579 1044 3641 sauctus
1079 3567 1275 3640 Bouiiaciua
1303 3565 1346 3637 ad

330 3699 523 3789 Eihstut,
551 3707 590 3771 ut
618 3700 761 3793 rideret,
789 3700 958 3792 quomodo
972 3703 1034 3773 sibi
1050 3703 1215 3791 placeret.
1251 3699 1348 3770 iiiam

329 3834 506 3923 maionem
533 3831 673 3904 Eiirstat
697 3832 887 3921 Suitgarius
926 3832 1067 3905 tradidit
1098 3843 1214 3905 saum
1242 3830 1347 3901 Boni-

1135 3951 1158 4015 ⁴
