<?xml version="1.0" encoding="UTF-8"?>
<!DOCTYPE html PUBLIC "-//W3C//DTD XHTML 1.0 Transitional//EN"
    "http://www.w3.org/TR/xhtml1/DTD/xhtml1-transitional.dtd">
<html xmlns="http://www.w3.org/1999/xhtml" xml:lang="en" lang="en">
 <head>
  <title>
</title>
<meta http-equiv="Content-Type" content="text/html;charset=utf-8" />
  <meta name='ocr-system' content='tesseract 3.04.00' />
  <meta name='ocr-capabilities' content='ocr_page ocr_carea ocr_par ocr_line ocrx_word'/>
</head>
<body>
  <div class='ocr_page' id='page_1' title='image "./descriptioneste00toblgoog_0040.png"; bbox 0 0 3368 4650; ppageno 0'>
   <div class='ocr_carea' id='block_1_1' title="bbox 1277 561 1375 629">
    <p class='ocr_par' dir='ltr' id='par_1_1' title="bbox 1277 561 1375 629">
     <span class='ocr_line' id='line_1_1' title="bbox 1277 561 1375 629; baseline -0.01 0"><span class='ocrx_word' id='word_1_1' title='bbox 1277 561 1375 629; x_wconf 78' lang='grc'>’29</span> 
     </span>
    </p>
   </div>
   <div class='ocr_carea' id='block_1_2' title="bbox 335 740 1375 2297">
    <p class='ocr_par' dir='ltr' id='par_1_2' title="bbox 335 740 1375 2297">
     <span class='ocr_line' id='line_1_2' title="bbox 346 740 1375 839; baseline -0.004 -18"><span class='ocrx_word' id='word_1_2' title='bbox 346 745 496 822; x_wconf 85' lang='lat' dir='ltr'>monium</span> <span class='ocrx_word' id='word_1_3' title='bbox 536 743 841 839; x_wconf 75' lang='lat' dir='ltr'>transmigrationis</span> <span class='ocrx_word' id='word_1_4' title='bbox 898 742 1042 818; x_wconf 86' lang='lat' dir='ltr'>illorum.</span> <span class='ocrx_word' id='word_1_5' title='bbox 1087 740 1135 817; x_wconf 87' lang='lat' dir='ltr'>Et</span> <span class='ocrx_word' id='word_1_6' title='bbox 1177 751 1259 818; x_wconf 89' lang='lat' dir='ltr'>tunc</span> <span class='ocrx_word' id='word_1_7' title='bbox 1305 745 1375 818; x_wconf 85' lang='lat' dir='ltr'>illio</span> 
     </span>
     <span class='ocr_line' id='line_1_3' title="bbox 347 879 1373 977; baseline -0.003 -21"><span class='ocrx_word' id='word_1_8' title='bbox 347 889 486 957; x_wconf 88' lang='lat' dir='ltr'>orantes</span> <span class='ocrx_word' id='word_1_9' title='bbox 517 887 743 977; x_wconf 84' lang='lat' dir='ltr'>perrexerunt</span> <span class='ocrx_word' id='word_1_10' title='bbox 782 881 826 953; x_wconf 90' lang='lat' dir='ltr'>ad</span> <span class='ocrx_word' id='word_1_11' title='bbox 858 879 1073 971; x_wconf 85' lang='lat' dir='ltr'>Hiericho,</span> <span class='ocrx_word' id='word_1_12' title='bbox 1108 900 1214 972; x_wconf 87' lang='lat' dir='ltr'>super</span> <span class='ocrx_word' id='word_1_13' title='bbox 1240 887 1373 972; x_wconf 88' lang='lat' dir='ltr'>septem</span> 
     </span>
     <span class='ocr_line' id='line_1_4' title="bbox 345 1014 1372 1108; baseline -0.004 -18"><span class='ocrx_word' id='word_1_14' title='bbox 345 1018 500 1091; x_wconf 88' lang='lat' dir='ltr'>milliaria</span> <span class='ocrx_word' id='word_1_15' title='bbox 526 1040 548 1091; x_wconf 89' lang='lat' dir='ltr'>a</span> <span class='ocrx_word' id='word_1_16' title='bbox 574 1016 737 1091; x_wconf 87' lang='lat' dir='ltr'>Jordane.</span> <span class='ocrx_word' id='word_1_17' title='bbox 779 1015 829 1089; x_wconf 93' lang='lat' dir='ltr'>lbi</span> <span class='ocrx_word' id='word_1_18' title='bbox 858 1015 1057 1108; x_wconf 76' lang='lat' dir='ltr'>erumpebat</span> <span class='ocrx_word' id='word_1_19' title='bbox 1084 1015 1194 1105; x_wconf 83' lang='lat' dir='ltr'>lons,</span> <span class='ocrx_word' id='word_1_20' title='bbox 1225 1014 1372 1107; x_wconf 88' lang='lat' dir='ltr'>quierat</span> 
     </span>
     <span class='ocr_line' id='line_1_5' title="bbox 343 1147 1366 1242; baseline -0.001 -20"><span class='ocrx_word' id='word_1_21' title='bbox 343 1151 468 1224; x_wconf 82' lang='lat' dir='ltr'>sterilis</span> <span class='ocrx_word' id='word_1_22' title='bbox 495 1151 529 1223; x_wconf 90' lang='lat' dir='ltr'>iu</span> <span class='ocrx_word' id='word_1_23' title='bbox 557 1171 644 1223; x_wconf 91' lang='lat' dir='ltr'>oneo</span> <span class='ocrx_word' id='word_1_24' title='bbox 674 1151 816 1242; x_wconf 86' lang='lat' dir='ltr'>montis,</span> <span class='ocrx_word' id='word_1_25' title='bbox 859 1157 895 1222; x_wconf 86' lang='lat' dir='ltr'>et</span> <span class='ocrx_word' id='word_1_26' title='bbox 921 1149 983 1222; x_wconf 80' lang='lat' dir='ltr'>fuit</span> <span class='ocrx_word' id='word_1_27' title='bbox 1009 1148 1135 1221; x_wconf 87' lang='lat' dir='ltr'>inutilis</span> <span class='ocrx_word' id='word_1_28' title='bbox 1161 1147 1366 1238; x_wconf 85' lang='lat' dir='ltr'>hominibus,</span> 
     </span>
     <span class='ocr_line' id='line_1_6' title="bbox 343 1280 1369 1375; baseline -0.001 -22"><span class='ocrx_word' id='word_1_29' title='bbox 343 1290 523 1375; x_wconf 84' lang='lat' dir='ltr'>antequam</span> <span class='ocrx_word' id='word_1_30' title='bbox 539 1285 633 1355; x_wconf 79' lang='lat' dir='ltr'>venit</span> <span class='ocrx_word' id='word_1_31' title='bbox 653 1283 880 1356; x_wconf 83' lang='lat' dir='ltr'>Helisaeus</span> <span class='ocrx_word' id='word_1_32' title='bbox 901 1281 1071 1374; x_wconf 86' lang='lat' dir='ltr'>propheta</span> <span class='ocrx_word' id='word_1_33' title='bbox 1092 1290 1128 1353; x_wconf 87' lang='lat' dir='ltr'>et</span> <span class='ocrx_word' id='word_1_34' title='bbox 1146 1280 1369 1354; x_wconf 85' lang='lat' dir='ltr'>sanctificavit</span> 
     </span>
     <span class='ocr_line' id='line_1_7' title="bbox 340 1414 1367 1505; baseline 0.001 -19"><span class='ocrx_word' id='word_1_35' title='bbox 340 1416 444 1488; x_wconf 88' lang='lat' dir='ltr'>illum.</span> <span class='ocrx_word' id='word_1_36' title='bbox 501 1414 551 1486; x_wconf 85' lang='lat' dir='ltr'>Et</span> <span class='ocrx_word' id='word_1_37' title='bbox 587 1423 708 1504; x_wconf 86' lang='lat' dir='ltr'>postea</span> <span class='ocrx_word' id='word_1_38' title='bbox 740 1415 927 1502; x_wconf 84' lang='lat' dir='ltr'>emanavit,</span> <span class='ocrx_word' id='word_1_39' title='bbox 966 1420 1067 1505; x_wconf 81' lang='lat' dir='ltr'>atque</span> <span class='ocrx_word' id='word_1_40' title='bbox 1109 1416 1218 1486; x_wconf 89' lang='lat' dir='ltr'>omnis</span> <span class='ocrx_word' id='word_1_41' title='bbox 1245 1415 1367 1487; x_wconf 83' lang='lat' dir='ltr'>civitas</span> 
     </span>
     <span class='ocr_line' id='line_1_8' title="bbox 340 1546 1367 1638; baseline -0.001 -20"><span class='ocrx_word' id='word_1_42' title='bbox 340 1548 398 1619; x_wconf 89' lang='lat' dir='ltr'>illa</span> <span class='ocrx_word' id='word_1_43' title='bbox 425 1547 598 1638; x_wconf 76' lang='lat' dir='ltr'>puniebat</span> <span class='ocrx_word' id='word_1_44' title='bbox 625 1546 659 1616; x_wconf 93' lang='lat' dir='ltr'>in</span> <span class='ocrx_word' id='word_1_45' title='bbox 687 1566 800 1635; x_wconf 79' lang='lat' dir='ltr'>agros,</span> <span class='ocrx_word' id='word_1_46' title='bbox 830 1547 864 1617; x_wconf 87' lang='lat' dir='ltr'>in</span> <span class='ocrx_word' id='word_1_47' title='bbox 891 1547 1008 1617; x_wconf 87' lang='lat' dir='ltr'>hortos</span> <span class='ocrx_word' id='word_1_48' title='bbox 1029 1552 1064 1617; x_wconf 88' lang='lat' dir='ltr'>et</span> <span class='ocrx_word' id='word_1_49' title='bbox 1091 1547 1125 1616; x_wconf 91' lang='lat' dir='ltr'>in</span> <span class='ocrx_word' id='word_1_50' title='bbox 1150 1547 1274 1634; x_wconf 86' lang='lat' dir='ltr'>omnia,</span> <span class='ocrx_word' id='word_1_51' title='bbox 1294 1547 1367 1618; x_wconf 91' lang='lat' dir='ltr'>ubi·</span> 
     </span>
     <span class='ocr_line' id='line_1_9' title="bbox 339 1677 1363 1769; baseline 0 -20"><span class='ocrx_word' id='word_1_52' title='bbox 339 1699 473 1769; x_wconf 86' lang='lat' dir='ltr'>cunque</span> <span class='ocrx_word' id='word_1_53' title='bbox 501 1679 567 1749; x_wconf 90' lang='lat' dir='ltr'>illis</span> <span class='ocrx_word' id='word_1_54' title='bbox 590 1677 816 1749; x_wconf 87' lang='lat' dir='ltr'>necessarium</span> <span class='ocrx_word' id='word_1_55' title='bbox 837 1685 921 1764; x_wconf 74' lang='lat' dir='ltr'>erat,</span> <span class='ocrx_word' id='word_1_56' title='bbox 952 1685 1110 1764; x_wconf 82' lang='lat' dir='ltr'>etomue,</span> <span class='ocrx_word' id='word_1_57' title='bbox 1140 1678 1232 1766; x_wconf 87' lang='lat' dir='ltr'>quod</span> <span class='ocrx_word' id='word_1_58' title='bbox 1252 1680 1363 1749; x_wconf 88' lang='lat' dir='ltr'>humi-</span> 
     </span>
     <span class='ocr_line' id='line_1_10' title="bbox 338 1807 1366 1901; baseline 0.002 -22"><span class='ocrx_word' id='word_1_59' title='bbox 338 1809 399 1879; x_wconf 86' lang='lat' dir='ltr'>dat</span> <span class='ocrx_word' id='word_1_60' title='bbox 425 1809 482 1881; x_wconf 86' lang='lat' dir='ltr'>ilio</span> <span class='ocrx_word' id='word_1_61' title='bbox 511 1808 595 1896; x_wconf 82' lang='lat' dir='ltr'>fons,</span> <span class='ocrx_word' id='word_1_62' title='bbox 626 1808 811 1880; x_wconf 86' lang='lat' dir='ltr'>crescendo</span> <span class='ocrx_word' id='word_1_63' title='bbox 839 1807 973 1897; x_wconf 85' lang='lat' dir='ltr'>proficit</span> <span class='ocrx_word' id='word_1_64' title='bbox 999 1807 1203 1879; x_wconf 87' lang='lat' dir='ltr'>adsalutem</span> <span class='ocrx_word' id='word_1_65' title='bbox 1220 1818 1366 1901; x_wconf 84' lang='lat' dir='ltr'>propter</span> 
     </span>
     <span class='ocr_line' id='line_1_11' title="bbox 337 1937 1364 2031; baseline 0.005 -21"><span class='ocrx_word' id='word_1_66' title='bbox 337 1937 642 2013; x_wconf 71' lang='lat' dir='ltr'>sanctificationem</span> <span class='ocrx_word' id='word_1_67' title='bbox 680 1938 833 2012; x_wconf 85' lang='lat' dir='ltr'>Helisaei</span> <span class='ocrx_word' id='word_1_68' title='bbox 875 1940 1075 2031; x_wconf 84' lang='lat' dir='ltr'>prophetae.</span> <span class='ocrx_word' id='word_1_69' title='bbox 1134 1941 1214 2014; x_wconf 87' lang='lat' dir='ltr'>lude</span> <span class='ocrx_word' id='word_1_70' title='bbox 1243 1963 1364 2031; x_wconf 83' lang='lat' dir='ltr'>perre-</span> 
     </span>
     <span class='ocr_line' id='line_1_12' title="bbox 336 2069 1361 2147; baseline 0.005 -5"><span class='ocrx_word' id='word_1_71' title='bbox 336 2071 516 2144; x_wconf 85' lang='lat' dir='ltr'>xeruntad</span> <span class='ocrx_word' id='word_1_72' title='bbox 532 2075 833 2144; x_wconf 88' lang='lat' dir='ltr'>monasterium</span> <span class='ocrx_word' id='word_1_73' title='bbox 851 2069 1246 2145; x_wconf 86' lang='lat' dir='ltr'>sanctiEustochii.</span> <span class='ocrx_word' id='word_1_74' title='bbox 1276 2073 1361 2147; x_wconf 87' lang='lat' dir='ltr'>lllud</span> 
     </span>
     <span class='ocr_line' id='line_1_13' title="bbox 335 2203 1356 2297; baseline 0 -21"><span class='ocrx_word' id='word_1_75' title='bbox 335 2214 403 2277; x_wconf 77' lang='lat' dir='ltr'>stat</span> <span class='ocrx_word' id='word_1_76' title='bbox 429 2206 462 2275; x_wconf 93' lang='lat' dir='ltr'>in</span> <span class='ocrx_word' id='word_1_77' title='bbox 490 2203 604 2276; x_wconf 86' lang='lat' dir='ltr'>medio</span> <span class='ocrx_word' id='word_1_78' title='bbox 633 2226 753 2297; x_wconf 86' lang='lat' dir='ltr'>campo</span> <span class='ocrx_word' id='word_1_79' title='bbox 781 2205 873 2277; x_wconf 84' lang='lat' dir='ltr'>inter</span> <span class='ocrx_word' id='word_1_80' title='bbox 900 2203 1062 2278; x_wconf 85' lang='lat' dir='ltr'>Hiericho</span> <span class='ocrx_word' id='word_1_81' title='bbox 1090 2212 1125 2276; x_wconf 83' lang='lat' dir='ltr'>et</span> <span class='ocrx_word' id='word_1_82' title='bbox 1151 2204 1356 2279; x_wconf 83' lang='lat' dir='ltr'>Jerusalem.</span> 
     </span>
    </p>
   </div>
   <div class='ocr_carea' id='block_1_3' title="bbox 334 2543 1355 2735">
    <p class='ocr_par' dir='ltr' id='par_1_3' title="bbox 334 2543 1355 2735">
     <span class='ocr_line' id='line_1_14' title="bbox 334 2543 1355 2626; baseline 0.003 -13"><span class='ocrx_word' id='word_1_83' title='bbox 334 2543 448 2613; x_wconf 81' lang='lat' dir='ltr'>xvm.</span> <span class='ocrx_word' id='word_1_84' title='bbox 477 2544 673 2612; x_wconf 69' lang='lat' dir='ltr'>iaruman:</span> <span class='ocrx_word' id='word_1_85' title='bbox 705 2545 838 2613; x_wconf 78' lang='grc'><strong>11111111</strong></span> <span class='ocrx_word' id='word_1_86' title='bbox 860 2548 894 2614; x_wconf 80' lang='lat' dir='ltr'>et</span> <span class='ocrx_word' id='word_1_87' title='bbox 916 2564 1025 2614; x_wconf 81' lang='lat' dir='ltr'>omnes</span> <span class='ocrx_word' id='word_1_88' title='bbox 1039 2548 1073 2613; x_wconf 91' lang='lat' dir='ltr'>ln</span> <span class='ocrx_word' id='word_1_89' title='bbox 1091 2546 1264 2616; x_wconf 77' lang='lat' dir='ltr'>calvariae</span> <span class='ocrx_word' id='word_1_90' title='bbox 1277 2547 1355 2626; x_wconf 84' lang='lat' dir='ltr'>looo,</span> 
     </span>
     <span class='ocr_line' id='line_1_15' title="bbox 364 2649 1323 2735; baseline -0.002 -18"><span class='ocrx_word' id='word_1_91' title='bbox 364 2649 480 2718; x_wconf 76' lang='lat' dir='ltr'>hortus</span> <span class='ocrx_word' id='word_1_92' title='bbox 503 2667 573 2718; x_wconf 87' lang='lat' dir='ltr'>oum</span> <span class='ocrx_word' id='word_1_93' title='bbox 596 2651 767 2735; x_wconf 79' lang='lat' dir='ltr'>sepulohro</span> <span class='ocrx_word' id='word_1_94' title='bbox 789 2651 970 2719; x_wconf 80' lang='lat' dir='ltr'>salvatoris</span> <span class='ocrx_word' id='word_1_95' title='bbox 993 2657 1027 2719; x_wconf 86' lang='lat' dir='ltr'>ot</span> <span class='ocrx_word' id='word_1_96' title='bbox 1049 2652 1197 2720; x_wconf 84' lang='lat' dir='ltr'>mirabili</span> <span class='ocrx_word' id='word_1_97' title='bbox 1221 2653 1323 2720; x_wconf 87' lang='lat' dir='ltr'>dono.</span> 
     </span>
    </p>
   </div>
   <div class='ocr_carea' id='block_1_4' title="bbox 325 2867 1358 3890">
    <p class='ocr_par' dir='ltr' id='par_1_4' title="bbox 325 2867 1358 3890">
     <span class='ocr_line' id='line_1_16' title="bbox 411 2867 1352 2964; baseline 0 -21"><span class='ocrx_word' id='word_1_98' title='bbox 411 2869 460 2943; x_wconf 85' lang='lat' dir='ltr'>Et</span> <span class='ocrx_word' id='word_1_99' title='bbox 477 2870 555 2942; x_wconf 86' lang='lat' dir='ltr'>inde</span> <span class='ocrx_word' id='word_1_100' title='bbox 576 2869 671 2941; x_wconf 82' lang='lat' dir='ltr'>venit</span> <span class='ocrx_word' id='word_1_101' title='bbox 698 2867 741 2939; x_wconf 88' lang='lat' dir='ltr'>ad</span> <span class='ocrx_word' id='word_1_102' title='bbox 769 2867 1008 2941; x_wconf 86' lang='lat' dir='ltr'>Jerusalem</span> <span class='ocrx_word' id='word_1_103' title='bbox 1043 2872 1077 2941; x_wconf 93' lang='lat' dir='ltr'>in</span> <span class='ocrx_word' id='word_1_104' title='bbox 1106 2871 1200 2943; x_wconf 90' lang='lat' dir='ltr'>illum</span> <span class='ocrx_word' id='word_1_105' title='bbox 1229 2870 1352 2964; x_wconf 83' lang='lat' dir='ltr'>locum,</span> 
     </span>
     <span class='ocr_line' id='line_1_17' title="bbox 331 3002 1358 3077; baseline 0.002 -2"><span class='ocrx_word' id='word_1_106' title='bbox 331 3005 387 3076; x_wconf 89' lang='lat' dir='ltr'>ubi</span> <span class='ocrx_word' id='word_1_107' title='bbox 420 3005 561 3076; x_wconf 85' lang='lat' dir='ltr'>inventa</span> <span class='ocrx_word' id='word_1_108' title='bbox 602 3002 717 3075; x_wconf 83' lang='lat' dir='ltr'>iuerat</span> <span class='ocrx_word' id='word_1_109' title='bbox 756 3008 876 3072; x_wconf 81' lang='lat' dir='ltr'>saneta</span> <span class='ocrx_word' id='word_1_110' title='bbox 912 3025 993 3075; x_wconf 86' lang='lat' dir='ltr'>crux</span> <span class='ocrx_word' id='word_1_111' title='bbox 1022 3002 1171 3075; x_wconf 91' lang='lat' dir='ltr'>Domini.</span> <span class='ocrx_word' id='word_1_112' title='bbox 1228 3005 1276 3076; x_wconf 87' lang='lat' dir='ltr'>lbi</span> <span class='ocrx_word' id='word_1_113' title='bbox 1305 3013 1358 3077; x_wconf 82' lang='lat' dir='ltr'>est</span> 
     </span>
     <span class='ocr_line' id='line_1_18' title="bbox 329 3133 1355 3225; baseline 0.002 -17"><span class='ocrx_word' id='word_1_114' title='bbox 329 3157 418 3208; x_wconf 87' lang='lat' dir='ltr'>nunc</span> <span class='ocrx_word' id='word_1_115' title='bbox 445 3136 587 3209; x_wconf 84' lang='lat' dir='ltr'>eeclesia</span> <span class='ocrx_word' id='word_1_116' title='bbox 616 3135 649 3206; x_wconf 93' lang='lat' dir='ltr'>in</span> <span class='ocrx_word' id='word_1_117' title='bbox 677 3135 736 3207; x_wconf 91' lang='lat' dir='ltr'>illo</span> <span class='ocrx_word' id='word_1_118' title='bbox 764 3135 856 3223; x_wconf 87' lang='lat' dir='ltr'>loco,</span> <span class='ocrx_word' id='word_1_119' title='bbox 886 3136 944 3225; x_wconf 90' lang='lat' dir='ltr'>qui</span> <span class='ocrx_word' id='word_1_120' title='bbox 972 3136 1099 3207; x_wconf 85' lang='lat' dir='ltr'>dicitur</span> <span class='ocrx_word' id='word_1_121' title='bbox 1125 3133 1355 3210; x_wconf 79' lang='lat' dir='ltr'>calvariae</span> 
     </span>
     <span class='ocr_line' id='line_1_19' title="bbox 328 3267 1355 3359; baseline -0.001 -19"><span class='ocrx_word' id='word_1_122' title='bbox 328 3269 457 3341; x_wconf 85' lang='lat' dir='ltr'>lorus.</span> <span class='ocrx_word' id='word_1_123' title='bbox 513 3268 563 3340; x_wconf 83' lang='lat' dir='ltr'>Et</span> <span class='ocrx_word' id='word_1_124' title='bbox 597 3269 681 3342; x_wconf 88' lang='lat' dir='ltr'>haec</span> <span class='ocrx_word' id='word_1_125' title='bbox 708 3267 775 3339; x_wconf 82' lang='lat' dir='ltr'>suit</span> <span class='ocrx_word' id='word_1_126' title='bbox 803 3269 895 3359; x_wconf 86' lang='lat' dir='ltr'>prius</span> <span class='ocrx_word' id='word_1_127' title='bbox 923 3276 1021 3340; x_wconf 84' lang='lat' dir='ltr'>extra</span> <span class='ocrx_word' id='word_1_128' title='bbox 1053 3268 1267 3355; x_wconf 78' lang='lat' dir='ltr'>Jerusalem3</span> <span class='ocrx_word' id='word_1_129' title='bbox 1294 3267 1355 3340; x_wconf 87' lang='lat' dir='ltr'>sed</span> 
     </span>
     <span class='ocr_line' id='line_1_20' title="bbox 329 3399 1352 3493; baseline -0.001 -21"><span class='ocrx_word' id='word_1_130' title='bbox 329 3401 476 3490; x_wconf 85' lang='lat' dir='ltr'>Helena,</span> <span class='ocrx_word' id='word_1_131' title='bbox 515 3400 651 3493; x_wconf 88' lang='lat' dir='ltr'>quando</span> <span class='ocrx_word' id='word_1_132' title='bbox 679 3399 807 3471; x_wconf 84' lang='lat' dir='ltr'>invenit</span> <span class='ocrx_word' id='word_1_133' title='bbox 840 3422 990 3491; x_wconf 82' lang='lat' dir='ltr'>crucem,</span> <span class='ocrx_word' id='word_1_134' title='bbox 1030 3402 1216 3474; x_wconf 78' lang='lat' dir='ltr'>collocarit</span> <span class='ocrx_word' id='word_1_135' title='bbox 1259 3401 1352 3472; x_wconf 89' lang='lat' dir='ltr'>illum</span> 
     </span>
     <span class='ocr_line' id='line_1_21' title="bbox 327 3531 1352 3607; baseline 0.003 -6"><span class='ocrx_word' id='word_1_136' title='bbox 327 3531 437 3604; x_wconf 86' lang='lat' dir='ltr'>locum</span> <span class='ocrx_word' id='word_1_137' title='bbox 473 3535 562 3606; x_wconf 87' lang='lat' dir='ltr'>intus</span> <span class='ocrx_word' id='word_1_138' title='bbox 597 3534 688 3605; x_wconf 85' lang='lat' dir='ltr'>iutra</span> <span class='ocrx_word' id='word_1_139' title='bbox 726 3531 928 3604; x_wconf 83' lang='lat' dir='ltr'>Jerusalem.</span> <span class='ocrx_word' id='word_1_140' title='bbox 985 3532 1032 3604; x_wconf 84' lang='lat' dir='ltr'>Et</span> <span class='ocrx_word' id='word_1_141' title='bbox 1070 3534 1115 3606; x_wconf 87' lang='lat' dir='ltr'>ibi</span> <span class='ocrx_word' id='word_1_142' title='bbox 1144 3541 1236 3607; x_wconf 85' lang='lat' dir='ltr'>stant</span> <span class='ocrx_word' id='word_1_143' title='bbox 1263 3555 1352 3606; x_wconf 88' lang='lat' dir='ltr'>nunc</span> 
     </span>
     <span class='ocr_line' id='line_1_22' title="bbox 326 3665 1345 3758; baseline 0.006 -25"><span class='ocrx_word' id='word_1_144' title='bbox 326 3672 398 3734; x_wconf 81' lang='lat' dir='ltr'>tres</span> <span class='ocrx_word' id='word_1_145' title='bbox 424 3685 543 3738; x_wconf 81' lang='lat' dir='ltr'>eruces</span> <span class='ocrx_word' id='word_1_146' title='bbox 569 3667 703 3756; x_wconf 81' lang='lat' dir='ltr'>ligneae</span> <span class='ocrx_word' id='word_1_147' title='bbox 732 3665 815 3737; x_wconf 88' lang='lat' dir='ltr'>ioris</span> <span class='ocrx_word' id='word_1_148' title='bbox 831 3668 863 3737; x_wconf 89' lang='grc'>11</span> <span class='ocrx_word' id='word_1_149' title='bbox 878 3668 1032 3738; x_wconf 87' lang='lat' dir='ltr'>orientali</span> <span class='ocrx_word' id='word_1_150' title='bbox 1048 3668 1150 3758; x_wconf 78' lang='lat' dir='ltr'>plaga</span> <span class='ocrx_word' id='word_1_151' title='bbox 1170 3667 1345 3756; x_wconf 80' lang='lat' dir='ltr'>ecclesiae,</span> 
     </span>
     <span class='ocr_line' id='line_1_23' title="bbox 325 3798 1349 3890; baseline 0.001 -21"><span class='ocrx_word' id='word_1_152' title='bbox 325 3818 423 3869; x_wconf 79' lang='lat' dir='ltr'>sema</span> <span class='ocrx_word' id='word_1_153' title='bbox 448 3798 625 3890; x_wconf 85' lang='lat' dir='ltr'>parietem,</span> <span class='ocrx_word' id='word_1_154' title='bbox 654 3799 698 3871; x_wconf 83' lang='lat' dir='ltr'>ad</span> <span class='ocrx_word' id='word_1_155' title='bbox 727 3799 922 3871; x_wconf 87' lang='lat' dir='ltr'>memoriam</span> <span class='ocrx_word' id='word_1_156' title='bbox 950 3806 1090 3873; x_wconf 75' lang='lat' dir='ltr'>satiatae</span> <span class='ocrx_word' id='word_1_157' title='bbox 1117 3801 1225 3872; x_wconf 74' lang='lat' dir='ltr'>micis</span> <span class='ocrx_word' id='word_1_158' title='bbox 1239 3799 1349 3871; x_wconf 88' lang='lat' dir='ltr'>dorni·</span> 
     </span>
    </p>
   </div>
   <div class='ocr_carea' id='block_1_5' title="bbox 0 0 1688 4650">
    <p class='ocr_par' dir='ltr' id='par_1_5' title="bbox 0 0 1688 4650">
     <span class='ocr_line' id='line_1_24' title="bbox 0 0 1688 4650; baseline 0 10"><span class='ocrx_word' id='word_1_159' title='bbox 0 0 1688 4650; x_wconf 95' lang='lat' dir='ltr'> </span> 
     </span>
    </p>
   </div>
  </div>
 </body>
</html>
