3368 4650
1301 591 1361 659 181

344 771 525 863 temporis,
559 791 633 842 cum
661 777 775 843 mater
801 770 886 844 lesu
914 772 1050 845 Maria
1077 773 1255 864 testinans,
1292 771 1365 864 jam

345 904 472 978 hahens
498 907 533 976 in
566 912 667 978 utero
693 905 801 978 filium
833 904 915 996 Dei,
951 908 1044 979 venit
1075 908 1125 979 ad
1153 905 1364 978 salutandum

343 1038 583 1128 Elisabeth,
627 1047 806 1129 eognatam
847 1060 958 1130 snam,
1001 1041 1176 1130 gravidam
1216 1040 1260 1111 de
1294 1039 1357 1113 lo·

343 1173 472 1262 hamne,
506 1169 577 1242 filio
610 1193 690 1261 suo,
725 1194 829 1264 quem
864 1179 901 1245 et
932 1174 978 1244 ibi
1012 1180 1126 1244 natum
1155 1172 1257 1244 fnisse
1285 1192 1364 1260 per·

343 1306 468 1377 hibent.

421 1433 524 1505 Sexto
570 1435 728 1507 milliario
768 1437 814 1507 nh
854 1437 1060 1528 Jerusalem,
1102 1444 1221 1509 eontra
1263 1437 1363 1510 meri·

341 1567 443 1655 aliern,
474 1567 540 1653 via,
569 1586 655 1655 quae
684 1567 780 1639 ducit
803 1569 984 1660 Ramatlm,
1014 1571 1291 1660 monshlodin,
1319 1592 1362 1644 ex

339 1719 406 1788 qno
438 1697 661 1784 Mothathias,
691 1706 793 1786 pater
822 1701 1119 1789 hlarhabaeorum,
1149 1705 1183 1772 in
1213 1722 1281 1792 quo
1307 1724 1360 1774 se·

339 1831 424 1922 pnlti
445 1830 632 1919 quiescunt,
648 1829 759 1903 adhue
775 1835 1018 1924 apparentibus
1038 1834 1184 1905 tumulis.
1225 1831 1359 1904 Octavo

339 1963 497 2034 milliario
517 1982 538 2031 a
560 1961 688 2052 Modin,
711 1963 777 2052 viu,
801 1986 889 2055 quae
911 1966 1165 2057 ducitloppen,
1196 1965 1361 2056 Lydda,

338 2118 427 2188 quae
463 2101 501 2166 et
541 2093 731 2186 Diospolis,
768 2097 804 2168 in
839 2119 905 2188 qna
938 2120 1059 2189 corpus
1094 2099 1186 2169 beati
1220 2098 1362 2188 Georgii

338 2230 512 2318 sepultum
541 2226 639 2299 inisse
668 2229 922 2325 manifestatur,
951 2231 1155 2302 milliarino
1183 2229 1361 2302 Ramatha

417 2361 523 2432 Sexto
543 2361 673 2433 decimo
695 2363 855 2434 milliario
873 2385 894 2434 1
914 2370 1027 2435 monte
1052 2364 1212 2434 Carmelo
1241 2369 1358 2434 111111

340 2494 518 2566 meridiem
547 2491 758 2566 Caesarea
784 2495 1035 2569 Palaestina
1062 2496 1283 2586 metropolis,
1321 2515 1361 2565 ea

337 2648 405 2718 qua
442 2625 620 2698 Comelius
661 2629 839 2717 centurio,
882 2650 981 2718 quem
1020 2629 1053 2697 in
1093 2649 1134 2698 11
1176 2626 1363 2718 baptizarit

338 2761 459 2832 oeams
491 2759 615 2831 Petrus
656 2766 692 2830 11
730 2762 863 2833 creavit
899 2762 1108 2850 episcopum:
1153 2761 1187 2829 in
1222 2779 1289 2849 qna
1328 2765 1363 2829 11

338 2893 442 2964 torris
469 2892 655 2980 Stratonis,
685 2893 719 2963 in
748 2914 817 2984 qua
844 2891 1003 2963 Herodes
1030 2897 1149 2962 contra
1176 2890 1361 2964 adventum

338 3026 483 3114 Angtmh
508 3026 694 3096 construxit
723 3024 767 3095 de
795 3026 874 3096 atho
902 3044 1068 3095 marmore
1098 3030 1246 3113 portum.
1286 3021 1361 3112 lpse

338 3158 496 3232 Herodes
534 3158 669 3248 turrim,
711 3178 800 3248 quae
837 3156 1083 3246 Hierosolymis
1117 3155 1359 3246 supereminet,

338 3313 426 3383 quiae
462 3296 499 3361 et
534 3291 636 3362 turris
663 3290 777 3361 David
806 3290 949 3378 dicitnr,
982 3288 1135 3377 losepho
1163 3294 1358 3374 attestante,

338 3424 518 3496 fabricarit
545 3445 688 3514 eamque
717 3423 902 3495 Antoniam
931 3423 1072 3492 roeovit

418 3554 553 3629 Octavo
581 3557 737 3628 milliario
765 3577 787 3626 a
815 3552 988 3626 Nazareth
1023 3562 1141 3625 111111
1168 3550 1359 3624 Carmelum

340 3691 446 3761 Kain
486 3711 623 3778 mons,
665 3688 708 3760 ad
747 3688 846 3780 cujus
884 3686 1049 3774 radicem,
1081 3687 1184 3777 juxta
1221 3685 1358 3769 iontem,

339 3820 506 3912 Lamech,
546 3828 643 3913 pater
679 3820 774 3911 Noe,
818 3841 881 3892 sua
919 3821 1049 3910 sagitta
1088 3819 1235 3911 peremit
1273 3814 1360 3888 Kaio
