3368 4650
1285 605 1331 675 dd

307 789 498 866 inhonore
530 789 840 884 transfigurationis
872 792 1061 866 dominicae
1094 796 1148 865 est
1174 787 1330 879 eollean,

308 946 371 1020 per
397 927 516 1001 urbem
543 926 788 1001 Tiberiadis
820 927 854 999 in
881 928 998 1000 littore
1026 927 1142 1016 maria,
1172 923 1230 998 nbi
1256 923 1330 997 Do·

308 1060 417 1133 minna
451 1060 590 1134 Petrum
617 1082 723 1154 aquas
755 1062 854 1134 siccis
890 1062 1024 1135 calcare
1059 1058 1210 1149 vestigiis
1236 1056 1329 1148 feeit,

311 1194 424 1282 sitam,
455 1195 511 1266 ubi
541 1197 644 1266 etiam
670 1195 831 1269 ,Iordanis
858 1216 975 1267 mare
1003 1193 1225 1267 Galilaeae
1253 1211 1333 1286 per·

309 1325 447 1414 transit,
496 1334 665 1399 venerunt
705 1327 929 1419 Magdala,
977 1327 1088 1401 vicum
1129 1326 1254 1398 Lazari
1295 1333 1333 1399 et

309 1477 464 1530 sororum
492 1459 577 1549 ejus.
621 1457 706 1531 Inde
733 1481 797 1553 per
823 1463 1017 1557 ορροείεαω
1032 1462 1070 1533 in
1084 1461 1193 1533 altero
1221 1459 1334 1533 littore

310 1588 613 1686 Gapharnanm,
644 1591 699 1663 ubi
723 1591 886 1667 Dominus
909 1593 1013 1667 filiam
1041 1593 1204 1688 pmncipis
1229 1593 1334 1666 snsoi·

311 1725 410 1815 tarit,
441 1732 478 1796 et
505 1723 562 1796 nbi
590 1722 800 1812 zebedaeus,
829 1735 928 1819 pater
953 1725 1073 1799 Jaoobi
1103 1732 1138 1796 et
1151 1723 1331 1814 «Iohannis,

311 1860 503 1952 requiesci,
534 1865 571 1931 et
597 1879 660 1953 per
688 1855 970 1948 Bethsaidam,
1000 1857 1056 1929 nbi
1074 1879 1163 1931 nune
1191 1858 1335 1931 eeclesia

311 1992 446 2065 domum
475 1990 568 2065 Petri
607 1998 644 2065 et
682 1990 842 2062 Andreae
874 1990 1102 2082 demonstrat,
1143 1993 1335 2084 tetigerunt

312 2124 548 2216 Corozaim,
589 2125 645 2200 ubi
686 2123 866 2212 Dominus,
910 2125 1058 2220 expulsis
1101 2124 1333 2218 daemonibus,

310 2281 450 2350 gregem
479 2280 659 2352 porcorum
687 2261 863 2333 concessit.

393 2397 427 2469 9.
460 2390 566 2480 Hinc,
607 2399 802 2465 sanctorum
844 2412 960 2465 amore
1000 2394 1171 2484 locorum,
1208 2393 1334 2466 itinere

311 2530 467 2596 tortuoso
509 2533 677 2595 venerunt
715 2527 759 2597 ad
793 2534 887 2598 ortus
928 2526 1069 2598 duorum
1111 2526 1255 2599 sontium
1296 2526 1334 2598 in

310 2661 421 2727 monte
455 2652 588 2727 Phanio
628 2653 806 2749 (Phanio),
841 2678 981 2747 quorum
1015 2681 1101 2731 unns
1126 2659 1206 2750 Jor,
1246 2659 1336 2731 alter

311 2799 452 2863 vocatur
466 2788 552 2878 Dan,
582 2809 728 2880 quorum
755 2810 848 2861 unua
874 2811 916 2861 a
943 2812 1025 2878 ann,
1056 2791 1146 2863 ulter
1160 2813 1204 2862 ex
1222 2790 1335 2864 odero

311 2930 411 3020 porte
437 2921 545 3010 urbia,
575 2943 667 3015 quoe
692 2922 729 2992 in
747 2918 943 3013 Evangelio
964 2921 1139 2996 caesarea
1160 2922 1335 3019 Philippi,

312 3082 334 3129 a
361 3054 580 3153 phoenicium
607 3061 722 3127 nutem
750 3052 918 3129 Ponaedn
951 3056 1004 3127 vel
1031 3054 1220 3130 Phoniodo
1247 3056 1335 3130 dr'ci·

313 3198 380 3280 iar,
410 3190 556 3262 fluentes
584 3211 650 3261 non
678 3190 782 3280 longo
811 3192 854 3263 ab
882 3191 954 3285 ipsa
967 3190 1060 3280 urbe,
1089 3190 1223 3281 fatigati
1236 3190 1334 3286 lapan

313 3323 449 3397 fluentis
477 3332 512 3394 et
539 3325 675 3395 nomine
698 3324 823 3415 juncti,
866 3323 990 3397 iaciunt
1016 3322 1201 3396 Jordanem
1230 3325 1337 3399 domi·

314 3458 389 3530 nico
422 3458 628 3552 baptismate
663 3457 836 3547 insignem.
896 3456 985 3528 Visis
1014 3478 1099 3548 ergo
1137 3459 1172 3528 in
1215 3457 1336 3529 eodem

314 3589 388 3665 Ιο(ο
427 3589 627 3683 qmbusdam
669 3590 833 3663 manentis
876 3589 977 3662 dorso
1018 3590 1138 3680 longo,
1183 3590 1339 3662 cruribus

315 3725 484 3819 breuibus,
513 3725 666 3818 proceris
693 3724 858 3815 cornibus,
889 3744 989 3816 qnae,
1019 3724 1091 3796 sole
1106 3722 1194 3794 diem
1223 3723 1338 3794 ineen-

316 3857 427 3948 dente,
456 3878 494 3930 se
523 3867 660 3950 praeter
675 3857 784 3930 solnm
813 3867 917 3953 caput
929 3858 1039 3930 vicina
1065 3853 1191 3949 palude
1223 3854 1337 3927 soient
