3368 4650
1287 613 1351 678 115

327 792 370 869 ad
396 793 554 869 ultimum
580 792 615 865 in
644 790 808 885 Galliam,
851 792 885 864 in
927 811 1054 886 pagum
1094 791 1347 887 pictaviensem,

327 934 364 1002 et
391 930 520 1020 absque
548 928 672 1020 indice,
702 949 769 1020 quo
797 929 990 1003 venientem
1017 927 1063 1001 ad
1090 929 1260 1020 baptisma
1286 930 1348 1004 Je-

326 1084 401 1135 sum
428 1064 646 1152 indicaverat,
676 1063 804 1136 dicans:
833 1060 930 1136 Ecce
956 1084 1070 1154 aperta
1086 1061 1157 1135 Dei
1184 1071 1251 1136 etc.
1290 1064 1348 1135 In-

326 1193 435 1266 dicem
463 1194 555 1266 illum
584 1195 705 1267 detulit
731 1198 962 1269 secumbeata
976 1196 1103 1268 Thecla
1132 1197 1228 1284 virgo
1258 1197 1348 1268 inter

327 1325 443 1414 Alpes,
472 1327 587 1416 ibique
615 1328 678 1399 sub
699 1329 842 1399 maxima
878 1330 1099 1402 veneratione
1136 1336 1277 1401 tenetur
1312 1330 1345 1401 in

325 1455 466 1528 eeclesia
493 1459 729 1530 maurianensi.
767 1459 815 1531 Et
841 1468 894 1533 est
921 1461 1075 1534 Samaria
1103 1444 1225 1533 nomen
1255 1463 1347 1535 urbis

327 1594 364 1659 et
391 1588 536 1676 patriae.
902 1679 909 1692 ὗ

406 1718 537 1808 Quarta
565 1719 721 1789 milliario
749 1741 771 1792 a
798 1720 951 1795 Samaria
978 1731 1031 1796 est
1057 1723 1228 1813 Neapolis,
1258 1747 1345 1816 quae

325 1860 362 1926 et
389 1851 569 1938 Sicbem,
600 1851 689 1922 inter
702 1849 777 1923 Dan
808 1861 844 1924 et
859 1854 981 1927 Betbel
997 1856 1118 1944 posita
1148 1854 1343 1946 ASicbem,

325 1993 422 2078 patre
450 1983 591 2072 Hemnr,
620 1985 677 2072 qui
705 1983 838 2072 Diuum,
869 1984 972 2057 liliam
986 1986 1107 2078 Jacob,
1137 1991 1254 2078 rapuit
1271 1988 1345 2060 lini·

324 2120 387 2192 bus
414 2117 481 2189 illis
497 2114 778 2204 deambulantem,
809 2123 904 2188 terra
918 2116 976 2188 illa
990 2129 1112 2192 vocata
1127 2128 1179 2192 est
1197 2121 1343 2192 Sicbem.

327 2254 365 2325 ln
403 2249 538 2322 Sicbem
577 2267 658 2319 vern
698 2248 808 2319 relata
843 2247 979 2322 fuerant
1020 2272 1096 2324 ussa
1129 2252 1260 2345 Josepb
1302 2275 1344 2327 ex

327 2387 498 2475 Aegypto.
542 2378 578 2450 ln
607 2379 741 2452 Sicbem
763 2381 863 2471 juxta
892 2380 1022 2455 iontem
1050 2383 1226 2457 fabricavit
1241 2387 1342 2460 Jeru-

324 2519 424 2590 boam
452 2515 537 2585 duos
563 2533 685 2584 aurens
714 2512 849 2600 titulos,
879 2516 1114 2605 quosadnrari
1132 2516 1213 2590 lecit
1237 2521 1344 2591 instar

326 2652 441 2722 Aaron
471 2648 589 2718 decem
617 2644 779 2738 tribubus,
810 2667 894 2734 quaa
927 2667 1043 2719 secum
1078 2648 1122 2718 de
1151 2649 1342 2724 Jerusalem

325 2781 514 2854 adduxerat
540 2782 577 2847 et
602 2776 793 2848 seduxerat.
846 2775 959 2850 Unum
988 2799 1029 2848 ux
1067 2780 1118 2850 eis
1154 2783 1270 2869 posuit
1307 2784 1340 2852 in

326 2913 412 3001 Dan,
440 2912 543 2984 alium
571 2910 603 2978 in
633 2907 764 2979 Betbel.
821 2908 956 2982 Sicbem
980 2910 1099 2981 urbem
1128 2911 1220 2982 illam
1248 2911 1343 2983 dele·

326 3052 452 3117 venant
480 3041 538 3114 tilii
565 3041 688 3126 Jacnb;
718 3039 846 3110 Hemnr
867 3061 1002 3132 quoque
1023 3051 1253 3132 peremerunt,
1283 3043 1344 3114 dn·

325 3177 434 3248 lentes
468 3175 512 3246 de
545 3173 711 3244 adulterio
745 3170 871 3259 Dinae,
902 3175 1030 3244 sororis
1057 3195 1149 3246 suae.
1207 3173 1341 3246 Sicbem

325 3308 376 3379 bis
403 3306 522 3379 diebus
549 3304 710 3392 Neapolis
739 3303 877 3392 dicitur,
916 3304 1049 3393 idest,
1090 3308 1209 3378 civitas
1236 3327 1338 3378 nova.

324 3437 475 3509 Sicbar
508 3445 588 3508 ante
624 3433 758 3505 Siebem
782 3436 880 3524 juxta
907 3439 1094 3527 praedium,
1125 3438 1217 3529 quod
1247 3438 1342 3510 dedit

324 3568 444 3656 Jacob,
473 3568 647 3639 filiosuo:
676 3567 708 3637 in
738 3587 804 3656 quo
832 3568 1037 3662 innaJacob,
1066 3571 1123 3660 qui
1152 3577 1188 3640 et
1207 3577 1342 3660 puteus,

325 3722 427 3792 supra
459 3722 559 3790 quem
593 3698 863 3788 evangelizatur,
900 3698 1025 3773 semum
1060 3702 1181 3773 itinere
1214 3699 1343 3772 sedisse

324 3830 442 3906 lesum
469 3839 505 3905 et
531 3851 721 3904 sermonem
748 3829 904 3902 habuisse
931 3853 1007 3903 eum
1034 3831 1177 3905 muliere
1203 3831 1343 3903 samam·

1129 3950 1180 4018 8·
