3368 4650
1240 613 1283 677 55

257 797 410 869 ariorum
439 794 652 885 provinciam
687 797 805 864 aratra
839 793 1027 885 trudendo,
1064 801 1142 868 sata
1168 817 1283 868 seren·

257 929 313 1022 do,
343 951 487 1002 messem
515 927 674 1001 metendo
703 947 780 998 cunr
808 927 923 1002 multis
946 949 1131 1004 messorum
1160 951 1282 1021 opera·

254 1064 315 1134 riis
342 1084 407 1155 per
435 1063 571 1134 vitreos
593 1062 822 1156 bajoariorum
850 1083 989 1153 campos
1022 1085 1099 1136 cuni
1131 1064 1284 1137 eeclesiis

254 1200 360 1283 utque
405 1193 630 1282 presbyteriis
670 1200 935 1287 sanctorumque
979 1197 1134 1289 reliquiis
1176 1198 1282 1288 digna

254 1322 403 1396 Dominio
431 1325 561 1396 delibat
587 1324 685 1397 dona.
729 1325 811 1398 lnde
841 1347 930 1399 nunc
946 1329 1153 1423 antiphonae
1168 1332 1281 1422 erepi-

254 1463 346 1545 taut,
388 1454 468 1527 inde
503 1457 670 1529 lectiones
703 1459 888 1548 resultant,
934 1460 1013 1533 inde
1060 1485 1149 1535 nunc
1188 1464 1282 1535 clara

255 1587 469 1661 credentium
498 1586 611 1675 turba,
641 1595 756 1659 saneta
768 1592 948 1682 strepitant
961 1591 1090 1667 Christi
1108 1596 1280 1682 niraeula,

255 1727 292 1793 et
332 1719 560 1791 celeberrima
601 1719 784 1792 conditoris
815 1723 1060 1808 gratulabundi
1103 1726 1281 1813 garrulant

255 1851 450 1945 praeconia
506 1851 595 1942 Quid
636 1851 743 1922 dicam
776 1872 866 1924 nune
894 1852 939 1925 de
967 1854 1175 1947 willibaldo,
1204 1879 1281 1930 meo

254 1987 422 2079 magistro
473 1992 510 2057 et
550 1989 662 2056 vestm
704 1983 864 2054 alumno?
932 1984 1016 2075 Quis
1050 1988 1110 2061 illo
1148 1990 1280 2079 pietate

254 2119 496 2211 praestantior,
514 2115 707 2189 humilitate
720 2115 949 2205 excellentior,
969 2120 1139 2205 patientia
1148 2125 1278 2214 purior,

255 2251 463 2323 continentia
490 2248 640 2339 rigidior,
668 2248 925 2321 mansuetudine
953 2253 1089 2344 major?
1122 2253 1187 2325 Cui
1223 2254 1280 2326 ille

253 2406 399 2476 uquam
426 2383 496 2484 thic
528 2383 561 2453 in
596 2383 742 2455 tristium
777 2381 900 2455 solatio
932 2387 1120 2480 posterior,
1156 2395 1194 2459 et
1226 2389 1278 2460 cui

253 2520 309 2593 ille
335 2519 371 2590 in
399 2536 591 2608 pauperum
627 2514 850 2606 opitulatione
889 2516 1032 2590 inferior
1064 2529 1124 2590 aut
1156 2521 1190 2592 in
1219 2541 1280 2592 nu·

256 2652 378 2723 dorum
407 2650 526 2722 babitu
563 2649 718 2720 tardior?
771 2647 839 2719 lsta
874 2650 987 2719 oninia
1023 2672 1090 2723 non
1129 2653 1173 2723 ad
1202 2654 1279 2743 jac·

252 2786 391 2857 nouam
420 2783 521 2873 dieta,
550 2781 611 2854 sed
639 2781 728 2854 sieut
755 2781 825 2852 vidi
845 2787 881 2853 et
908 2781 1032 2876 audivi,
1061 2781 1277 2876 Deigratia,

253 2939 318 2990 uon
347 2917 492 2988 bominis
520 2913 620 3002 faeta,
649 2914 706 3005 qui
733 2913 917 2985 seeundum
946 2916 1152 3007 apostolum:
1210 2913 1279 3002 Qui

247 3050 436 3140 plorioter,
465 3049 502 3120 in
530 3045 680 3120 Domirw
703 3046 883 3137 plorietur.
