3368 4650
333 519 355 584 4

331 698 380 771 ita
408 699 528 788 dicam,
557 696 640 769 milui
667 696 804 771 videtur
831 718 905 772 esse
923 704 1133 791 protervum,
1164 696 1256 788 quod
1289 698 1354 768 ista
1406 752 1413 771 ,

332 833 445 904 omnia
485 834 578 900 muto
616 829 810 901 tenacitatis
849 829 1005 917 silentio,
1045 829 1203 922 oppilatis
1245 828 1351 916 labiis,

330 966 480 1036 lrumaua
506 967 617 1032 taceat
644 960 768 1050 lingua,
798 982 886 1051 quae
904 961 1143 1033 Douriuussuo
1170 979 1270 1032 servo
1290 978 1353 1050 per

329 1096 460 1188 proprii
488 1095 641 1186 corporis
667 1093 817 1167 laborem
845 1115 908 1186 per
928 1094 1162 1184 visionemque
1177 1094 1351 1164 oculorum

331 1224 540 1301 ostendendo
569 1227 601 1297 iu
622 1226 746 1299 nostris
773 1228 983 1319 temporibus
1012 1229 1170 1302 revelare
1198 1226 1353 1315 dignatus

329 1367 393 1434 est.
428 1361 497 1434 lsta
524 1381 592 1432 uon
621 1361 895 1453 apocryphorum
922 1364 1031 1453 uenia,
1061 1363 1207 1437 erratica
1226 1359 1352 1432 disser-

329 1496 459 1569 tatione
493 1497 605 1570 relata
632 1516 707 1568 esse
751 1500 1002 1588 cognoscimus,
1038 1498 1100 1570 sed
1134 1497 1239 1579 sicut,
1278 1493 1351 1585 ipso

331 1627 471 1702 vidente
499 1637 535 1701 et
561 1631 659 1705 uobis
687 1629 874 1722 referente,
918 1632 961 1705 de
990 1631 1059 1704 oris
1086 1631 1139 1704 sui
1166 1627 1350 1700 dictatione

332 1761 451 1834 audire
478 1769 514 1835 et
531 1763 633 1835 uilrilo
644 1765 753 1836 minus
772 1766 925 1839 scribere
937 1764 1190 1852 destinavimus
1220 1759 1352 1832 duobus

334 1890 526 1966 diaconibus
571 1895 714 1967 testibus
752 1916 952 1986 mecumque
998 1896 1215 1968 audientibus
1259 1913 1349 1964 nono

334 2021 496 2097 kalendas
522 2024 614 2116 Julii,
643 2027 754 2120 pridie
788 2037 866 2101 ante
893 2029 1040 2101 solstitia
1068 2030 1134 2102 die.

412 2157 481 2229 Ista
521 2165 629 2250 certe,
673 2161 860 2233 litterarum
893 2164 1023 2254 apices,
1068 2184 1135 2234 non
1173 2161 1251 2233 ideo
1286 2177 1349 2246 ego

332 2286 438 2359 idiota
452 2288 623 2381 disputare
652 2293 781 2383 inchoo,
812 2295 903 2384 quod
932 2294 975 2366 de
993 2302 1127 2366 vestrae
1154 2291 1348 2385 sagacitatis

332 2420 499 2492 industria
522 2443 577 2493 me
603 2425 730 2515 aliquid
759 2426 912 2500 diffidere
941 2427 1139 2516 aestimatis,
1168 2447 1229 2498 seu
1258 2420 1347 2513 quod

332 2550 420 2624 bene
454 2573 522 2624 nou
548 2560 699 2629 noverim
726 2579 808 2648 ego,
850 2560 974 2631 multos
1014 2567 1224 2645 vestrorum,
1264 2574 1348 2644 quos

332 2683 499 2758 Dominus
511 2686 605 2761 Deus
632 2697 814 2780 nosterque
826 2692 966 2762 antistes
982 2692 1064 2762 milri
1082 2688 1347 2780 praestantiores

331 2843 398 2894 non
431 2822 539 2895 solum
574 2822 680 2894 virilis
715 2845 814 2896 sexus
847 2823 1030 2918 dignitate,
1060 2821 1120 2895 sed
1150 2827 1186 2890 et
1213 2819 1345 2890 divinae

326 2954 529 3026 conditionis
556 2956 744 3027 ministerio
760 2956 935 3046 praeferre
964 2956 1122 3045 diguatus
1149 2959 1211 3041 cst,
1240 2949 1345 3022 multo

325 3087 445 3159 melius
484 3085 617 3159 diuinae
657 3088 744 3177 legis
783 3087 977 3161 eruditione
1022 3093 1058 3161 et
1095 3086 1200 3157 nihilo
1239 3084 1346 3155 miuus

325 3219 560 3310 indagatione,
605 3221 733 3294 sollerti
781 3243 863 3293 cura
906 3221 1119 3311 procaciores
1165 3217 1344 3308 disponere

326 3350 543 3441 edissereque
575 3374 690 3444 posse;
724 3354 785 3425 sed
813 3355 892 3444 quia
920 3375 990 3441 me,
1021 3352 1190 3441 indiguam
1219 3357 1342 3438 tomen,

326 3483 370 3555 de
398 3485 532 3557 illorum
558 3486 779 3574 genealogiae
812 3487 917 3577 stirpe
946 3485 1082 3557 aliunde
1111 3488 1342 3574 propagatam,

326 3616 414 3689 torte
424 3617 469 3688 dc
479 3618 639 3689 extremis
649 3637 817 3689 ramorum
831 3619 1004 3691 cauliculis
1018 3640 1072 3691 me
1084 3618 1157 3689 lore
1172 3636 1342 3704 noveram,

326 3748 369 3821 de
397 3751 499 3823 tantis
526 3751 717 3842 talibusque
746 3751 894 3823 virorum
915 3752 1182 3825 beatitudinibus
1202 3770 1342 3822 uenera-
