3368 4650
418 506 483 573 186

421 717 467 768 ex
493 694 637 779 numne
662 691 761 777 parte
778 686 926 758 valletur
953 687 1118 760 continuis
1144 685 1315 757 montrum
1341 684 1436 756 ahi-

418 828 506 898 bauo
539 839 647 910 usqne
680 817 725 888 ad
750 816 924 890 desertum
952 818 1100 891 Pharan.
1154 816 1291 888 Dividit
1322 819 1437 889 autem

417 953 578 1030 Jordanis
606 949 790 1024 Galilaeam
822 955 861 1020 et
888 950 1087 1023 idumaeum
1122 956 1160 1021 et
1191 953 1321 1021 terrum
1351 947 1436 1020 Bos·

418 1095 509 1177 tron,
538 1103 628 1178 quae
654 1087 693 1154 et
718 1081 897 1155 Idumaeae
923 1081 1076 1155 secunda
1101 1082 1311 1176 metropolis.
1357 1082 1437 1155 Jor-

419 1221 517 1295 danis
542 1218 790 1308 interpretatur
816 1214 1009 1288 descensus.

498 1351 587 1424 Dan
626 1347 700 1420 iere
738 1347 783 1420 ab
825 1353 905 1420 ortu
948 1371 1010 1422 suo
1050 1351 1308 1425 subterraneum
1345 1352 1439 1424 ducit

418 1485 590 1577 gurgitem
617 1503 713 1555 suum
740 1501 845 1573 nsque
873 1481 917 1553 ad
944 1482 1091 1574 Medon,
1125 1485 1299 1577 planitiem
1333 1485 1438 1586 illam,

337 1671 344 1685 ,
418 1621 453 1691 in
484 1639 554 1710 qua
579 1617 662 1691 satis
687 1619 845 1708 patenter
876 1636 975 1690 suum
1001 1616 1094 1691 lorus
1120 1619 1266 1693 remittit
1290 1620 1434 1693 alveum.

417 1750 581 1826 Planities
611 1750 671 1823 illa
704 1747 855 1822 Medon
893 1755 1054 1842 vocatur,
1092 1770 1135 1823 eo
1175 1752 1268 1842 quod
1293 1753 1372 1824 Dan
1403 1751 1438 1850 in

417 1887 477 1959 illa
502 1885 636 1956 medius
663 1887 724 1973 est,
752 1883 967 1958 sarracenice
994 1885 1132 1976 quidem
1158 1891 1259 1958 sonat
1284 1886 1343 1957 illa
1365 1904 1438 1956 me·

417 2020 495 2109 dan,
518 2017 625 2089 latine
645 2037 728 2088 rero
744 2016 878 2107 platea3
905 2015 1018 2090 forum
1035 2039 1118 2091 vero
1138 2023 1283 2090 vocatur
1299 2017 1436 2108 Medon,

417 2148 591 2255 eoquod,
619 2149 767 2222 intrante
793 2154 941 2240 aestate,
973 2151 1227 2224 innumerabilis
1255 2151 1303 2222 ibi
1329 2141 1437 2240 popuss

415 2285 484 2372 lus,
520 2301 636 2354 secum
662 2284 774 2354 omnia
800 2281 961 2356 deferens
990 2283 1141 2372 venulis,
1179 2283 1360 2371 convenit,
1387 2280 1438 2351 in·

416 2436 569 2507 gensque
586 2415 785 2504 parthorum
804 2418 842 2485 et
859 2414 1003 2487 arabum
1024 2416 1205 2489 multitudo
1219 2414 1264 2487 ad
1276 2411 1438 2486 tuendum

415 2547 576 2642 populum
612 2552 648 2618 et
681 2547 727 2620 ad
756 2546 949 2639 pascendos
975 2567 1101 2637 greges
1134 2569 1211 2622 suos
1243 2549 1279 2619 iu
1305 2543 1439 2638 pascuis

416 2684 484 2755 illis
509 2701 575 2772 per
601 2685 708 2753 totam
734 2686 899 2753 aestatem
928 2679 1136 2753 demoratur.
1190 2680 1320 2753 Medon
1348 2699 1439 2751 com·

417 2813 558 2908 ponitur
591 2834 635 2886 er
667 2813 745 2886 med
778 2820 815 2886 et
847 2813 934 2902 dan3
977 2814 1057 2886 med
1075 2813 1301 2886 sarracenice
1337 2831 1436 2902 aqua,

421 2948 487 3018 dan
514 2945 646 3018 fluvius.
701 2944 757 3018 Ex
787 2946 969 3037 praedicta
1000 2946 1143 3038 planitie
1170 2943 1263 3034 Dan,
1297 2965 1333 3017 se
1360 2943 1438 3015 red-

419 3081 503 3153 dens
528 3079 564 3150 in
590 3077 741 3171 flurium,
766 3077 906 3152 Suetam
934 3082 1153 3171 peragratur,
1182 3076 1217 3148 in
1245 3097 1313 3167 qua
1337 3097 1437 3168 pyrs·

417 3213 481 3284 mis
520 3212 613 3285 beati
646 3211 729 3303 Job,
777 3218 951 3304 superstes
992 3211 1121 3301 adhuc,
1165 3231 1187 3282 a
1229 3211 1366 3300 regibus
1404 3215 1440 3281 et

418 3343 579 3435 gentibus
606 3343 761 3417 solemnis
786 3343 943 3418 habetur.
989 3344 1077 3433 Dan,
1106 3348 1225 3417 contrs
1253 3342 1438 3418 Galilaeam

417 3475 570 3568 gentium
597 3497 634 3549 se
663 3477 853 3570 obliquans,
881 3478 947 3551 sub
976 3478 1061 3551 urbe
1089 3473 1218 3569 Gedar,
1246 3498 1342 3551 secus
1367 3495 1439 3547 me·

418 3608 579 3681 dicabilia
614 3609 751 3701 balnea,
792 3611 919 3702 spineti
959 3611 1063 3703 plana
1103 3610 1325 3701 transfluens,
1363 3608 1386 3681 J
1393 3628 1440 3678 or

419 3741 617 3833 copulat1u3
655 3741 736 3831 Jor,
773 3743 866 3817 haud
905 3745 1009 3835 longe
1043 3766 1065 3817 a
1104 3743 1282 3852 Paneatle,
1330 3743 1438 3814 lacum
