3368 4650
1317 637 1357 702 51

332 949 492 1018 XXXVII.
545 947 721 1031 auriana,
762 945 989 1031 aulaearum,
1022 946 1218 1015 oooerdotoli
1249 948 1360 1017 intua

332 1055 476 1138 attatum
505 1053 663 1125 uouuulla
694 1051 736 1119 oi
764 1051 934 1138 prologum
957 1055 1139 1136 opeotuutiu
1168 1056 1356 1124 interserta.

413 1220 462 1291 Et
504 1227 686 1312 postquam
728 1216 825 1288 auius
871 1219 947 1288 anui
992 1218 1157 1290 transibat
1197 1221 1357 1312 circulus,

331 1360 465 1424 samona
490 1349 691 1425 Bonifacius
727 1349 904 1439 praecepit
931 1349 998 1439 illi,
1028 1360 1066 1423 ut
1093 1352 1127 1422 iu
1157 1353 1355 1444 Turingium

331 1483 374 1555 ad
402 1504 440 1556 se
469 1486 611 1557 veniret
668 1475 857 1569 Statimque
887 1483 1100 1554 venerandus
1128 1485 1186 1558 ille
1216 1488 1270 1558 vir
1291 1488 1356 1560 Dei

333 1615 547 1689 Willibaldus
573 1607 758 1688 secundum
782 1610 968 1701 jussionem
983 1615 1091 1685 sancti
1120 1616 1182 1686 viri
1212 1619 1245 1687 in
1275 1618 1356 1689 Tu-

331 1749 512 1839 riugium
548 1739 716 1828 veniebat,
747 1742 845 1811 etin
881 1742 982 1815 domo
1017 1745 1130 1816 fratris
1163 1749 1214 1818 sui
1250 1751 1355 1820 sancti

332 1881 533 1955 wunebaldi
570 1871 810 1963 hospitalitatis
845 1877 1052 1947 mansionem
1081 1877 1247 1969 habebat,
1277 1882 1356 1973 quia

330 2015 422 2088 illum
452 2016 524 2106 jum
557 2013 653 2106 pn'us
681 2011 762 2076 octo
790 2026 953 2078 annorum
981 2011 1092 2098 spatio
1121 2018 1156 2083 et
1184 2034 1275 2083 nouo
1305 2015 1356 2087 di·

329 2149 432 2221 midio
460 2149 503 2220 ab
531 2170 584 2238 eo,
616 2136 710 2231 quod
738 2137 781 2208 de
809 2138 918 2212 Roma
943 2142 1129 2234 porgebat,
1160 2166 1227 2216 non
1257 2149 1353 2220 vidit.

332 2281 381 2352 Et
410 2284 484 2373 jam
518 2291 598 2353 tunc
636 2271 784 2343 videndo
825 2272 1022 2360 gaudebant
1056 2281 1092 2347 et
1127 2281 1355 2355 conventione

328 2415 590 2506 gratulabantur
629 2405 740 2475 umbo.
806 2404 893 2476 lliud
933 2405 997 2478 fuit
1039 2412 1235 2484 autumnale
1275 2417 1354 2487 anui

328 2557 468 2641 tempus,
498 2543 635 2642 quando
650 2535 865 2608 willibaldus
895 2539 1052 2612 veniebat
1080 2543 1114 2614 in
1143 2544 1349 2636 Turingium.

328 2679 517 2774 statimque
544 2680 772 2773 posteaquam
800 2671 880 2741 illuc
899 2671 1067 2760 veniebat,
1096 2686 1234 2749 sauctus
1251 2680 1353 2754 Boni-

327 2811 434 2886 focius
460 2810 737 2907 archiepiscopus
771 2811 875 2897 atque
910 2806 1150 2879 Burchourous
1187 2821 1222 2881 et
1252 2813 1349 2885 Wizo

328 2968 445 3018 sacrae
495 2949 714 3040 episcopatus
766 2938 962 3009 auctoritati
1015 2941 1108 3012 ilium
1159 2944 1350 3017 ordinando

328 3088 621 3154 consecraverunt.
679 3072 744 3142 Ast
772 3071 896 3143 ibidem
925 3079 1014 3161 tunc,
1045 3096 1189 3167 eumque
1218 3098 1349 3151 stimmo

326 3213 546 3287 merdotulis
575 3205 701 3286 infulae
729 3205 856 3276 (litatus
878 3215 953 3276 erat
970 3205 1112 3295 honore,
1138 3230 1236 3281 uuam
1269 3213 1351 3284 heia

327 3344 503 3419 dommulum
533 3355 619 3432 erat,
649 3345 685 3409 et
712 3343 834 3428 postea
855 3338 979 3411 iterum
999 3340 1042 3411 ad
1058 3342 1347 3432 praedestinatum

327 3480 507 3551 mansionis
534 3499 618 3552 suae
646 3471 755 3540 locum
784 3470 969 3546 remeabat.

406 3610 465 3683 ille
495 3602 726 3691 willibaldus,
770 3605 905 3696 quando
941 3604 974 3673 iu
1003 3605 1199 3695 episcopum
1228 3630 1347 3685 conse·

326 3749 441 3812 cratus
474 3757 563 3834 erat,
597 3734 745 3811 habebat
773 3737 1000 3829 quadraginta
1027 3757 1133 3808 annas
1161 3749 1197 3810 et
1226 3763 1340 3817 tonina.

326 3870 373 3942 Et
402 3884 481 3945 tunc
509 3886 584 3948 otuu
611 3869 805 3942 autumnale
835 3877 977 3961 tempus.
1022 3870 1121 3939 Circa
1152 3874 1243 3946 iilam
1274 3879 1346 3951 sere

1134 3994 1154 4056 ⁴
1167 3996 1185 4033 t
