3368 4650
397 544 443 616 62

397 729 653 820 praesentantes
697 725 825 797 carceri
866 726 1159 819 mancipavenmt
1229 719 1299 795 Sed
1339 705 1419 812 quia

397 858 474 930 Deo
495 855 607 928 nullus
625 854 803 947 clauditur,
834 865 909 929 erat
935 858 984 929 ibi
1012 875 1099 928 unus
1125 853 1332 949 negotiator,
1360 852 1418 945 qni

399 987 553 1084 quotidie
582 987 632 1060 eis
665 986 836 1079 quaelibet
868 989 1064 1062 necessaria
1090 987 1305 1061 ministravit.
1362 983 1418 1059 In·

396 1122 531 1196 tendum
562 1121 736 1195 balneavit
773 1130 809 1194 et
842 1121 886 1194 ad
920 1122 1096 1196 eeclesiam
1130 1122 1292 1217 produxit
1324 1121 1416 1216 (per-

398 1256 516 1347 duxit).
571 1254 641 1328 lllis
667 1256 702 1327 in
729 1276 865 1329 earcere
897 1256 1064 1346 detentis,
1093 1255 1231 1349 quidam
1258 1257 1417 1353 hispanus

398 1388 527 1462 habens
554 1388 590 1459 in
617 1390 746 1483 palatio
767 1388 857 1480 regis
870 1390 1022 1481 fratrem,
1051 1396 1197 1486 experto
1223 1399 1417 1466 sanctorum

398 1521 464 1597 Dei
490 1522 641 1615 negotio,
670 1543 729 1597 eos
756 1523 927 1617 adjutorio
954 1524 1070 1600 mais
1096 1527 1196 1601 simul
1218 1532 1261 1626 et
1279 1533 1412 1615 nautae,

397 1657 456 1750 qui
483 1676 544 1731 eos
571 1656 773 1748 adduxerat,
809 1658 900 1753 apud
927 1680 1063 1751 regem,
1098 1659 1249 1734 Minium
1276 1660 1413 1748 dietum,

302 1786 315 1800 ”
399 1790 571 1863 excusavit
604 1797 640 1864 et
671 1792 721 1864 eis
748 1791 895 1865 abeundi
922 1793 1179 1888 permissionem
1206 1791 1414 1889 impetravit.

483 1927 519 1997 8.
550 1923 632 1995 lude
670 1927 840 2019 progressi
868 1933 1038 2000 venerunt
1066 1926 1312 2001 Damascum
1338 1921 1417 1996 reli·

402 2055 489 2149 quiis
514 2056 678 2152 Ananiae,
706 2058 763 2149 qui
789 2079 990 2132 conversum
1016 2061 1076 2133 ibi·
1091 2060 1253 2135 dirinitus
1271 2057 1414 2132 Paulum

397 2187 601 2283 baptizavit,
636 2190 811 2279 insignem.
869 2189 962 2263 Fusa
996 2212 1080 2282 ergo
1109 2195 1266 2266 oratione
1293 2192 1327 2263 in
1355 2188 1415 2260 illa

399 2318 557 2407 ecclesia,
599 2340 686 2410 quae
713 2341 801 2392 nune
827 2320 863 2391 in
887 2322 963 2394 loco
992 2326 1227 2398 conversionis
1260 2346 1287 2396 s.
1317 2320 1413 2392 Pauli

399 2451 542 2541 emieat,
573 2458 739 2526 venerunt
765 2452 800 2524 in
827 2449 1034 2546 GaIssaeam,
1069 2457 1105 2528 in
1138 2458 1251 2531 vicum
1284 2453 1414 2526 Naza-

400 2583 514 2674 reth,
551 2583 594 2656 da
627 2606 693 2677 qao
726 2591 758 2658 et
788 2584 896 2659 Jeaua
929 2586 1058 2661 dator
1091 2587 1324 2662 Nazaraeos:
1358 2585 1414 2658 ubi

400 2714 626 2806 malaspelles
663 2717 820 2810 Gabriel,
864 2725 1000 2794 sanetae
1041 2719 1190 2811 Mariae,
1228 2724 1414 2815 perpetuae

399 2847 539 2940 virgini,
567 2871 755 2944 apparens,
783 2850 816 2921 oi
841 2849 886 2922 de
912 2851 1130 2926 incantando
1146 2853 1185 2923 in
1207 2853 1283 2940 ejas
1298 2854 1415 2922 ventre

396 2978 468 3053 Dei
489 2978 563 3070 filio
589 2982 777 3076 ρνααίἱωὶέ,
806 2982 1050 3079 dudiopiritu
1067 2982 1416 3057 sonetoodumtronte

384 3113 639 3209 *impraegnata
671 3113 966 3189 inaestimabiliter
999 3114 1071 3188 Dei
1100 3114 1214 3206 mium
1251 3115 1411 3208 wnoepit.

398 3245 457 3318 loz·
483 3245 609 3336 dignae
645 3245 839 3319 venditatio
872 3253 1005 3320 constat
1036 3248 1180 3321 ecelesia
1215 3268 1318 3342 saepe
1352 3267 1415 3340 per

397 3377 595 3452 mundanos
608 3398 630 3450 a
642 3356 843 3451 samacenis'
858 3401 931 3451 eam
960 3380 1114 3473 dejicere
1129 3380 1409 3469 aggredientibus

398 3511 510 3605 pretio
537 3509 699 3584 redemta.
752 3510 835 3583 lnde
862 3517 941 3605 post
967 3512 1143 3584 visitatam
1177 3513 1286 3605 primo
1310 3511 1414 3583 'mira-

396 3644 544 3715 culorum
557 3641 692 3714 Domini
705 3641 850 3714 nobilem
864 3639 1049 3715 Chanam
1062 3639 1251 3734 Galilaeae,
1264 3643 1411 3715 mansito

395 3780 527 3847 monte
555 3774 709 3866 Tabor,
738 3774 796 3846 ubi
822 3796 909 3846 nunc
935 3774 1176 3847 monachorum
1191 3776 1411 3865 congregatio
