3368 4650
330 537 397 608 2⁷2

329 691 503 793 statuumt
528 711 652 803 hydria
683 713 720 781 et
753 710 952 800 triclinium,
988 707 1048 782 uhi
1081 680 1180 780 erant
1194 701 1198 714 “
1212 683 1352 781 mensae

328 849 474 942 positae,
503 849 540 915 et
566 846 645 914 sont
665 841 739 913 loca
762 842 996 929 subtemanea,
1024 837 1115 911 sicut
1138 837 1208 910 alia
1234 858 1352 930 quam·

329 979 475 1073 plurima
511 979 647 1064 sancta,
688 972 816 1046 scilicet
842 970 1131 1062 annunciationis,
1164 969 1354 1047 nativitatis

332 1103 469 1179 Christi.
533 1106 586 1180 De
612 1105 730 1179 Chana
753 1103 928 1179 Galilaeae
963 1103 1047 1178 duas
1079 1104 1196 1176 leneas
1229 1110 1354 1179 eontra

332 1243 485 1313 austrum
514 1245 566 1313 est
592 1237 708 1312 civitas
735 1237 902 1331 Sephor
928 1235 1161 1336 (Sepphoris).
1217 1237 1354 1312 Deinde

332 1392 451 1444 versus
472 1371 687 1445 Tiberiadem
704 1392 807 1463 supra
823 1371 986 1446 Dolhaim
1014 1377 1068 1446 est
1084 1393 1182 1446 mons
1196 1369 1354 1446 Betho-

332 1502 436 1594 liae,
465 1509 504 1576 ut
530 1525 644 1596 supra.
697 1503 753 1578 De
771 1503 934 1579 Bethulia
951 1512 1082 1599 septem
1107 1507 1221 1580 leucus
1246 1526 1353 1597 supra

332 1655 426 1707 mare
460 1634 635 1711 Galilaeae
671 1643 723 1710 est
753 1638 963 1730 Tiberias;
1007 1640 1148 1714 Herode
1179 1639 1353 1714 tetrarcha

333 1766 531 1863 nuncupata
559 1777 610 1844 est
636 1769 799 1844 Tiberias.
856 1771 944 1845 Sunt
976 1772 1023 1846 ibi
1056 1772 1179 1846 balnea
1209 1770 1354 1844 medici·

335 1904 424 1975 nalia
450 1888 486 1974 in
513 1905 632 1977 littore
658 1906 771 1977 manis.
812 1903 868 1978 Ab
895 1905 1016 1978 Aokon
1043 1908 1164 1976 contra
1189 1909 1351 1991 amm,

334 2035 396 2108 sed
423 2037 669 2126 aliquantulum
696 2037 895 2111 declinando
923 2037 967 2109 ad
994 2036 1163 2108 orientem
1196 2040 1251 2106 est
1276 2032 1354 2106 Na·

288 2181 290 2190 ·
336 2167 503 2259 zareth,
532 2167 652 2240 civitas
680 2168 818 2260 dilecta,
847 2168 905 2240 ubi
931 2167 995 2240 flos
1020 2166 1141 2239 florum
1168 2165 1212 2238 de
1238 2165 1354 2238 radies

334 2298 432 2372 Jesse
458 2300 648 2392 pullulavit,
678 2307 715 2373 et
737 2301 840 2374 distat
867 2301 910 2372 ab
928 2300 1050 2374 Ackon
1078 2305 1209 2391 septem
1235 2296 1351 2369 leucis.

334 2432 412 2522 Ipsa
440 2432 527 2504 enim
554 2439 609 2507 est
634 2435 774 2526 propria
800 2433 918 2507 civitas
945 2432 1133 2508 salvatoris.
1176 2429 1231 2503 Eo
1261 2428 1353 2521 quod

334 2565 370 2636 iu
404 2586 446 2638 ea
478 2567 625 2640 nutritus
661 2568 766 2641 fuerit
799 2566 918 2659 JesuS,
958 2566 1155 2640 Nazarenus
1196 2568 1351 2636 vocatum.

336 2698 464 2772 lbidem
489 2701 567 2773 lons
594 2702 738 2792 exiguus
766 2703 928 2792 scaturit,
964 2723 1008 2775 ex
1035 2721 1102 2792 quo
1135 2717 1223 2788 puer
1248 2696 1354 2770 Jesus

335 2831 448 2904 suevit
484 2832 623 2906 haurire
657 2841 693 2906 et
730 2855 852 2926 aquam
896 2835 1091 2906 ministrare
1118 2828 1219 2902 matri
1256 2850 1351 2902 suae.

334 2962 389 3036 De
425 2963 601 3039 Nazareth
642 2968 750 3042 trihus
791 2968 896 3042 leucis
941 2974 1057 3041 contra
1095 2965 1260 3037 orientem
1300 2971 1354 3037 est

335 3117 431 3168 mons
460 3096 612 3190 Tabor,
641 3121 707 3192 quo
735 3102 1024 3197 (trans)liguratus
1053 3103 1108 3170 est
1128 3095 1296 3189 Christus
1318 3103 1354 3172 et

335 3228 478 3299 rimator
509 3229 557 3303 ibi
591 3233 686 3305 loeus
719 3233 822 3306 trium
856 3231 1162 3306 tabemaculomm.
1218 3229 1259 3302 In
1285 3231 1352 3304 hoc

336 3366 449 3433 monte
468 3367 549 3432 sunt
571 3385 740 3439 concavae
765 3374 803 3439 et
823 3387 988 3441 cavernae
1008 3365 1070 3437 sub
1090 3364 1195 3436 ruinis
1214 3384 1353 3454 magno-

335 3514 412 3565 rum
439 3494 685 3589 aedilieiorum,
722 3500 843 3589 quibus
875 3499 1015 3571 latitant
1047 3497 1163 3570 leones
1197 3501 1233 3568 et
1265 3497 1353 3568 aliae

336 3626 478 3700 hestiae.
524 3629 563 3700 In
584 3629 751 3703 descensu
780 3633 855 3724 ejus
883 3637 938 3705 est
959 3631 1089 3723 capella
1116 3634 1236 3703 eontra
1263 3631 1353 3702 oeci-

335 3756 492 3850 dentem‚
522 3761 580 3833 ubi
607 3761 772 3836 Dominus
799 3763 900 3837 dixit:
933 3762 1079 3839 Nensini
1105 3762 1268 3836 diseretis
1300 3763 1352 3834 oi-
