3368 4650
336 530 403 597 280

336 707 470 782 Eodem
488 703 533 772 in
560 701 638 771 loeo
653 695 751 768 dixit
764 694 930 768 Dominus
956 692 1115 767 donabus
1140 692 1353 765 mulieribus:

336 835 455 910 Filiae
469 828 678 919 aeaeae»,
706 827 809 899 notite
822 823 908 916 ltere
922 846 1028 916 super
1041 845 1096 897 nne
1122 829 1191 898 etc.
1226 803 1356 898 Postea

337 988 404 1061 per
428 965 489 1039 xlii
515 981 637 1058 passus
662 980 683 1033 a
709 957 850 1047 dextris,
879 957 985 1051 juxta
1016 957 1122 1064 viam,
1155 963 1207 1032 est
1237 957 1355 1031 loeus

337 1098 497 1174 stationis
524 1097 673 1170 beatae
700 1090 887 1182 virginis.
933 1088 1081 1184 Cupiens
1108 1090 1225 1166 videre
1253 1089 1356 1166 dilec-

338 1240 410 1307 tnm
440 1230 548 1303 filium·
572 1228 663 1321 ejm,
697 1223 754 1316 qni
786 1244 863 1297 cnm
894 1224 1026 1315 ingenti
1058 1224 1204 1300 tumultu
1231 1225 1357 1301 educe·

335 1365 439 1438 batur
476 1362 520 1435 de
554 1361 655 1434 domo
688 1356 788 1432 Pilati
826 1378 902 1429 eum
935 1358 1137 1432 intolerabili
1175 1381 1277 1437 omae
1309 1358 1353 1433 ad

333 1492 611 1587 crucifigendum,
634 1511 735 1586 quem
754 1511 831 1565 aum
856 1492 981 1566 intuita
1006 1491 1127 1566 luisset
1149 1498 1353 1588 consputum

335 1632 372 1700 et
397 1626 561 1719 sangnine
584 1645 817 1718 conspersum,
846 1626 995 1700 omnium
1022 1627 1175 1719 priomm
1200 1627 1353 1702 oonsola·

334 1761 468 1834 tionum
514 1759 636 1852 oblita,
687 1757 811 1834 eade'ns
852 1758 886 1831 in
931 1760 1130 1854 amentiam,
1174 1759 1354 1854 pmeubnit

335 1893 567 1985 semimortua,
596 1894 704 1969 donee
729 1912 750 1964 a
771 1893 917 1968 caeteris
935 1893 1128 1968 mulieribus
1154 1892 1221 1968 fuit
1237 1897 1353 1966 erecta

335 2033 371 2101 et
398 2027 524 2102 ablata
581 2025 714 2099 Eodem
738 2025 775 2098 in
800 2024 874 2099 loeo
907 2027 952 2099 ad
979 2025 1144 2100 honorem
1171 2028 1245 2122 ejas
1271 2042 1353 2099 con·

333 2164 466 2232 structa
494 2161 572 2233 erat
599 2157 751 2250 eeclesia
780 2158 878 2252 eujus
907 2159 1054 2250 vestigia
1078 2159 1252 2251 hueusque
1280 2175 1352 2229 cer·

334 2295 480 2382 nuntur,
515 2310 603 2383 quae
629 2311 651 2364 a
682 2289 820 2382 perfidis
851 2291 1045 2365 sarracenis
1077 2298 1130 2365 eat
1160 2289 1349 2377 destructa,

335 2428 371 2496 et
388 2422 568 2496 dicebatur
584 2423 627 2496 ad
645 2427 796 2497 sanctam
814 2420 962 2496 Mariam
979 2423 1022 2496 de
1037 2443 1184 2515 spasmo.
1217 2418 1352 2494 Deinde

333 2576 398 2647 per
415 2555 662 2649 qninquaginta
679 2576 740 2629 sex
756 2577 880 2649 passus
908 2557 1060 2630 demitur
1088 2575 1214 2628 arens
1239 2556 1350 2626 testu-

335 2688 424 2762 dinis
454 2709 590 2765 sursum
620 2689 815 2763 incurvatus
848 2695 925 2783 per'
946 2689 1117 2782 plateam:
1144 2692 1197 2761 est
1222 2684 1349 2759 litho-

333 2826 508 2913 strotus,
549 2829 586 2897 et
622 2822 799 2913 gabbatha
832 2822 973 2915 dieitur,
1011 2843 1114 2914 snper
1146 2838 1248 2912 quem
1280 2815 1348 2890 dno

334 2953 405 3025 albi
432 2953 567 3047 lapides
594 2960 790 3046 cernuntur,
819 2976 926 3050 snper
952 2975 1034 3049 quos
1058 2953 1221 3026 Dominus
1247 2947 1348 3024 Jesns

331 3085 365 3156 in
394 3080 480 3160 area
497 3079 602 3161 Pilati
628 3088 731 3178 stetit,
759 3109 836 3161 enm
863 3089 975 3163 eidem
997 3084 1105 3181 judici
1131 3082 1174 3159 ad
1190 3081 1347 3176 quaesita

330 3218 517 3309 respondit.
552 3218 682 3294 Ibidem
702 3224 755 3294 est
774 3222 877 3314 loeus,
902 3220 961 3294 ubi
981 3217 1119 3291 affixum
1145 3224 1223 3292 erat
1244 3216 1348 3289 varil-

329 3348 401 3420 lum
420 3350 578 3427 militum
619 3351 689 3425 Sub
709 3373 791 3426 aren
812 3352 998 3445 praedicto
1022 3356 1235 3426 monstratur
1251 3350 1347 3422 loeus

329 3481 504 3557 scholae
549 3486 706 3559 beatae
742 3486 941 3577 virginis,
987 3507 1056 3578 qna
1094 3486 1128 3557 in
1162 3485 1348 3577 J'nventute

331 3615 540 3709 scripturam
571 3617 697 3692 didicit.
759 3618 816 3693 Ab
851 3639 935 3693 aron
968 3617 1150 3711 praedicto
1182 3637 1248 3710 per
1280 3637 1346 3688 xxv

328 3769 452 3844 passus
485 3756 538 3825 est
573 3753 856 3846 praetori-nm,
898 3772 966 3846 qno
999 3749 1154 3826 cbristus
1185 3749 1251 3824 fuit
1282 3749 1345 3822 fla·
