3368 4650
1274 565 1319 633 58

291 768 375 845 quas
408 747 483 841 ipse
516 748 625 823 solers
658 753 696 819 et
728 746 896 839 sopbyrns
928 755 1027 823 vasta
1059 722 1123 843 per
1159 767 1242 820 rura
1268 745 1316 818 ri·

290 882 414 958 mando
437 883 650 978 explorabat,
679 881 890 973 astillonnn,
918 885 1014 955 amul
1041 904 1195 958 normam
1211 902 1317 956 vene·

289 1019 418 1091 nouae
446 1019 553 1110 vitae,
581 1019 874 1092 conversationem
901 1019 936 1092 in
963 1025 1071 1094 semet
1098 1019 1172 1110 ipso
1200 1023 1317 1091 osten·

289 1150 402 1223 dendo
442 1153 638 1225 exercebat
694 1152 745 1226 Et
781 1175 856 1226 cum
895 1153 1010 1245 paucis
1045 1151 1156 1225 adhuc
1184 1150 1312 1223 ibidem

286 1283 455 1373 operariis
494 1282 600 1355 latum
635 1291 738 1377 atque
778 1286 962 1377 spatiosum
1002 1285 1138 1358 divinae
1185 1282 1313 1376 segetis

287 1433 453 1507 campum,
481 1434 583 1487 sacra
609 1416 744 1505 superni
779 1417 875 1489 verbi
909 1425 984 1491 sata
1010 1417 1175 1509 serendo,
1205 1438 1312 1512 usque

286 1544 330 1617 acl
369 1564 513 1616 messem
550 1544 771 1635 perducebat
827 1548 877 1620 Et
914 1551 1003 1622 sicut
1041 1572 1125 1642 apes
1158 1550 1310 1640 pruden-

287 1678 453 1767 tissimae,
495 1695 584 1768 quae
617 1695 682 1764 per
712 1699 883 1769 purpurea
917 1682 1081 1754 violarum
1110 1682 1240 1752 virecta
1274 1685 1313 1752 et

285 1829 347 1902 per
374 1807 486 1881 fulvos
513 1806 685 1879 frondium
720 1806 876 1882 flosculos
903 1820 940 1884 ct
966 1831 1031 1899 per
1059 1810 1149 1883 olida
1179 1812 1311 1883 olerum

285 1940 406 2013 florida
444 1940 585 2012 letalem
630 1940 796 2030 liquantes
836 1942 979 2014 toxicam
1015 1950 1050 2015 et
1076 1943 1312 2016 suavissimum

283 2075 461 2147 sorbentes
486 2093 624 2145 succum
651 2073 816 2163 nectaris,
845 2078 883 2145 et
910 2075 959 2146 sic
989 2075 1147 2148 cruribus
1175 2082 1211 2147 et
1237 2079 1312 2145 toto

284 2228 429 2300 corpore
442 2205 594 2279 refertae
611 2204 654 2276 ad
676 2205 828 2277 alvearia
847 2206 1013 2296 gestando
1027 2211 1232 2298 properant:
1258 2206 1308 2277 sic

287 2346 324 2412 et
351 2339 410 2412 ille
426 2338 544 2411 beans
565 2337 710 2410 barilion
732 2336 947 2411 Willibaldns
975 2340 1009 2410 in
1026 2339 1192 2426 omnibus,
1223 2359 1310 2428 quae

285 2474 355 2545 late
383 2470 559 2544 lustrando
587 2471 737 2562 propriis
764 2472 927 2544 cernebat
953 2471 1151 2559 luminibus,
1182 2471 1311 2563 optima

283 2604 440 2694 eligendo
468 2602 655 2696 arripiebat
683 2602 946 2694 arripiendoqne
968 2604 1125 2677 omnibus
1138 2606 1202 2678 sibi
1231 2605 1311 2677 sub-

283 2737 429 2810 ditorum
457 2733 684 2829 phalangibus
718 2743 831 2808 rectae
861 2738 1132 2808 conversationis
1159 2737 1308 2807 studium

282 2869 555 2959 benevivendo,
585 2869 619 2940 in
648 2868 767 2958 verbo,
797 2870 831 2939 iu
859 2869 1023 2940 vitiorum
1050 2866 1248 2956 obstaculis,
1271 2867 1305 2935 in

282 3003 423 3093 pietate,
463 3000 707 3094 inpatientia,
742 3001 777 3072 iu
816 3000 1026 3073 abstinentia
1068 3000 1202 3089 peritus
1229 3020 1310 3090 pro·

281 3134 384 3206 latam
420 3133 612 3225 praebebat
639 3153 803 3204 normam.

280 3445 419 3515 m
451 3445 599 3532 Urbique
621 3444 863 3528 coapostolum
888 3445 1107 3529 bajoariorum
1130 3444 1307 3513 cortuum.

361 3661 427 3732 Ast
454 3662 526 3735 cito
555 3669 735 3754 postquam
751 3663 807 3736 ille
822 3668 982 3736 strenuus
1001 3662 1082 3734 almi
1097 3660 1163 3734 Dei
1180 3661 1310 3732 athleta

281 3794 552 3869 monsteriaiam
585 3795 768 3868 mansionis
805 3796 921 3869 locum
955 3794 1146 3869 inhabitare
1182 3792 1309 3883 coepit,
