3368 4650
385 508 451 576 172

248 733 253 744 ·
381 699 438 763 tna
472 689 562 760 vitae
600 688 644 758 de
682 687 814 775 virgine
851 683 976 779 Maria,
1012 685 1178 757 videlicet
1209 681 1299 757 iilius
1335 683 1399 757 Dei

382 821 469 909 rivi,
499 816 652 890 Christus
678 816 794 909 lesus,
831 819 888 910 qui
917 822 970 888 est
995 817 1093 908 panis
1121 815 1321 905 angelorum
1348 822 1400 889 to·

380 955 517 1044 tiusque
555 950 671 1023 mnndi
707 951 786 1022 vita.
850 950 890 1022 In
924 945 1131 1020 Bethlehem
1159 947 1258 1040 juxta
1289 949 1398 1021 looum

379 1084 569 1158 nativitatis
603 1103 827 1175 praesepe,
861 1081 895 1153 in
930 1103 998 1173 qno
1032 1087 1068 1154 et
1100 1082 1175 1175 ipse
1201 1080 1311 1156 inians
1338 1082 1398 1157 Je-

379 1240 436 1292 sus
477 1217 634 1290 latitavit.
702 1214 801 1290 Unde
842 1220 879 1289 et
918 1216 1099 1306 propheta:
1144 1213 1309 1308 Oopnooit
1342 1215 1399 1291 bos

373 1371 609 1443 possessorem
635 1371 735 1421 suum
762 1355 795 1422 et
821 1349 942 1422 osiam
961 1369 1135 1442 praesepe
1161 1347 1307 1424 Domini
1329 1351 1395 1425 soi.

377 1483 435 1556 Ex
473 1504 540 1576 quo
573 1481 711 1558 ieonum
734 1483 837 1573 -illud,
873 1485 907 1554 in
940 1505 1007 1575 que
1038 1507 1127 1578 puer
1153 1486 1254 1562 lesus
1286 1486 1397 1558 latita·

372 1614 496 1718 serat,
525 1617 667 1691 Romam
699 1617 852 1692 delatum
882 1618 946 1691 fuit
977 1619 1020 1692 ab
1048 1619 1185 1695 Helena
1210 1620 1329 1710 regina
1362 1623 1398 1690 et

379 1752 523 1824 honeste
539 1752 750 1826 reconditum
772 1752 807 1823 in
834 1753 974 1826 eeclesia
1000 1759 1139 1828 sanetae
1166 1721 1301 1829 Mariae
1327 1772 1398 1824 ma·
1430 1776 1437 1783 ·

365 1884 473 1994 jonis.
536 1887 577 1957 In
610 1887 704 1959 loeo
739 1885 987 1960 nativitatis
1022 1885 1161 1958 Domini
1194 1907 1235 1959 ex
1267 1885 1397 1958 musivo

378 2038 486 2108 opere
515 2018 682 2091 deaurato
711 2017 745 2088 hi
773 2019 840 2091 duo
868 2040 987 2092 versus
1013 2019 1176 2108 leguntur
1201 2017 1365 2111 appositi:

431 2148 666 2239 angelicae
698 2148 837 2224 lumen
876 2152 1056 2224 virtutis
1098 2156 1143 2224 et
1180 2152 1274 2243 ejus
1307 2169 1398 2221 aeu-

485 2302 592 2372 men,

429 2413 498 2486 hie
546 2419 665 2487 natus
711 2436 811 2488 vere
853 2414 963 2490 Dens
1012 2424 1077 2490 est
1126 2417 1176 2490 de
1226 2413 1394 2504 virgine

489 2553 635 2619 matre.
1265 2553 1268 2558 “

458 2679 500 2750 In
526 2678 748 2770 Bethlehem,
789 2700 897 2752 nova
924 2683 1060 2754 atella
1087 2682 1192 2770 duee,
1230 2683 1398 2751 venerunt

373 2818 446 2885 tres
474 2832 574 2901 reges
600 2813 642 2883 ab
671 2809 813 2886 Oriente
848 2815 1003 2887 venerari
1040 2818 1160 2886 natum
1186 2810 1319 2900 Jesnm,
1360 2816 1397 2882 et

372 2949 411 3018 ut
446 2965 566 3035 regem
599 2945 800 3034 angelornm
834 2947 1032 3039 adorarent,
1071 2949 1332 3038 praesentarunt
1364 2942 1395 3015 ei

372 3077 517 3168 mystica
555 3098 710 3169 munera,
753 3100 886 3170 aurum,
929 3079 1008 3151 thus
1045 3084 1082 3151 et
1115 3075 1297 3168 myrrham.
1354 3076 1394 3146 ln

371 3208 579 3282 Bethlehem
613 3210 754 3301 ejusque
793 3210 916 3284 finibus
950 3212 1053 3303 jussit
1085 3209 1244 3283 Herodes
1280 3208 1394 3281 inno·

374 3347 526 3415 centes
548 3341 720 3432 decollari,
743 3363 916 3433 quornm
943 3344 1124 3416 maxima
1146 3363 1244 3435 pars
1274 3346 1394 3414 centra

371 3473 570 3565 meridiem,
606 3481 726 3567 quarte
754 3475 910 3547 milliario
937 3495 959 3547 a
984 3475 1207 3567 Bethlehem,
1243 3475 1392 3549 seeundo

370 3628 393 3679 a
419 3606 561 3679 Theeua
587 3607 757 3697 sepulta
793 3608 943 3699 quiescit
998 3607 1040 3680 ln
1066 3607 1274 3685 Bethlehem
1305 3608 1392 3681 infra

368 3738 558 3831 basilicam,
585 3740 677 3814 haud
703 3741 804 3831 lenge
831 3762 853 3813 a
879 3743 1059 3837 praesepio
1086 3742 1237 3833 Domini,
1270 3742 1305 3813 in
1333 3761 1389 3814 ea·
