3368 4650
329 508 351 572 2

328 687 495 779 provexit,
528 688 645 775 etita
686 690 726 760 ut
753 687 912 776 egregius
939 681 1169 758 exercitorum
1196 682 1350 754 alumnus

331 841 393 892 sua
420 817 586 890 industria
611 837 675 907 per
701 817 879 888 dioecesim
896 815 1081 902 diligenter
1100 812 1350 901 quodammodo

333 958 372 1023 ut
386 954 488 1021 natos
506 948 664 1039 proprios
685 946 874 1036 mulcendo,
904 943 1052 1017 fovendo
1068 942 1189 1015 lovere
1203 942 1349 1015 solebat:

327 1083 399 1154 istis
432 1081 586 1151 omnibus
618 1080 694 1154 istic
732 1079 793 1152 sub
835 1098 952 1150 sacrae
992 1077 1079 1165 legis
1120 1076 1349 1148 moderamine

328 1212 542 1286 manentibus
579 1233 644 1302 ego
678 1211 816 1303 indigna
850 1214 1009 1284 saxonica
1041 1210 1085 1282 de
1118 1217 1238 1302 gente,
1274 1212 1349 1284 istic

325 1346 533 1419 venientium
561 1346 749 1434 novissima,
787 1350 823 1417 et
851 1367 918 1417 non
944 1347 1054 1420 solum
1086 1346 1192 1436 annis,
1224 1347 1284 1418 sed
1313 1353 1349 1419 et

324 1479 546 1570 murmuret,
577 1481 620 1554 de
648 1481 785 1552 illorum
821 1454 1076 1571 comparatione
1104 1479 1348 1552 contribulium

324 1632 487 1702 meorum,
517 1615 613 1703 quasi
642 1613 857 1703 homuncule,
889 1633 955 1705 ego
976 1611 1114 1704 quidem
1144 1613 1241 1686 vobis
1269 1612 1347 1685 reli-

325 1745 428 1834 giosis
473 1765 515 1816 ac
555 1747 728 1819 catholicis
774 1748 870 1837 viris,
922 1746 1079 1819 coelestis
1119 1745 1343 1818 bibliothecae

322 1877 497 1965 ministris,
541 1877 585 1950 ob
621 1879 806 1951 utilitatem
833 1879 1018 1950 memoriae
1045 1897 1155 1968 pauca
1182 1876 1343 1968 perstrin-

322 2009 450 2098 gendo,
484 2009 647 2100 paulatim
682 2010 725 2096 de
759 2009 986 2101 primordialis
1019 2010 1109 2082 vitae
1139 2012 1213 2102 ejus
1241 2028 1342 2081 vene-

321 2142 419 2214 randi
437 2142 502 2214 viri
517 2141 702 2213 Willibaldi
721 2143 895 2232 prooemio
913 2142 1091 2232 disputare
1110 2142 1338 2214 decreveram.

322 2272 389 2346 Sed
407 2279 523 2345 tamen
542 2274 722 2364 praecipue
740 2296 805 2365 ego
823 2275 950 2348 femina
971 2274 1150 2363 fragilique
1164 2294 1266 2344 sexus
1279 2275 1341 2345 im·

321 2405 505 2475 becillitate
525 2406 766 2497 corruptibilis,
786 2407 879 2478 nulla
895 2405 1138 2496 praerogativa
1154 2406 1341 2495 sapientiae

320 2534 455 2607 suffulta
482 2529 546 2606 aut‘
569 2556 768 2624 magnarum
798 2539 915 2608 virium
945 2536 1113 2608 industria
1141 2537 1249 2626 elata,
1279 2537 1339 2609 sed

318 2673 504 2759 spontanea
514 2667 697 2740 voluntatis
709 2689 804 2739 meae
817 2669 979 2739 violentia
991 2673 1124 2757 coacta,
1145 2670 1240 2741 velut
1260 2689 1340 2759 qua-

316 2797 392 2869 dam
407 2798 524 2887 ignara
541 2819 648 2889 parva
667 2798 709 2870 de
727 2800 880 2889 pectoris
898 2800 1082 2890 prudentia
1100 2801 1285 2890 decerpens
1304 2811 1340 2871 et

318 2950 358 3001 ex
386 2929 498 3002 multis
532 2930 700 3004 ironlosis
735 2929 976 3022 frugiferisque
1003 2932 1185 3004 arboribus
1218 2929 1336 3003 florum

318 3062 485 3134 varietate
520 3069 719 3137 onustorum
753 3067 875 3155 exigua
910 3065 1065 3155 qualibet
1093 3071 1186 3153 arte,
1215 3066 1336 3136 saltem

317 3195 477 3268 extremis
507 3196 540 3265 in
568 3198 682 3286 ramis,
712 3202 848 3272 vestrae
875 3197 1059 3271 memoriae
1082 3203 1204 3286 coapta
1230 3216 1337 3287 pauca

308 3347 510 3420 excerpere,
540 3331 776 3419 compaginare
812 3329 1029 3419 edissereque
1057 3349 1112 3399 me
1140 3330 1233 3400 libet.
1287 3325 1334 3398 Et

314 3480 403 3530 nunc
428 3461 606 3550 reciproco
629 3481 785 3532 sermone
798 3461 953 3534 iterando
974 3461 1062 3550 dico,
1091 3481 1157 3531 non
1177 3460 1334 3550 propriae

313 3592 570 3680 praesumtionis
608 3593 808 3685 primordio,
851 3616 917 3666 non
958 3595 1163 3668 temeritatis
1195 3591 1334 3664 audacia

311 3722 477 3795 instanter
509 3724 598 3796 freta
631 3725 696 3796 boe
723 3727 872 3819 incipere
903 3728 967 3800 nisi
997 3733 1035 3798 ut
1063 3727 1119 3798 vix
1155 3724 1278 3799 audeo.
