3368 4650
350 472 392 540 lt

347 660 500 729 sanctum
526 653 770 744 Erigidianum.
826 658 877 733 ibi
906 660 1091 752 requiescit
1109 680 1233 750 corpus
1259 662 1367 751 patris

346 809 476 861 eorum.
533 764 784 884 Confestimque
812 795 873 886 illi,
901 799 1085 887 pergentes
1101 791 1286 882 usquedum
1302 813 1366 884 per

344 927 458 995 vastas
506 920 627 995 Italiae
673 925 827 1020 tellures,
871 928 1056 1019 perniciter
1096 944 1160 1016 per
1211 944 1364 996 concava

344 1055 491 1144 vallium,
521 1078 583 1149 per
608 1057 753 1152 abrupta
779 1061 959 1148 montium,
990 1079 1055 1150 per
1080 1057 1184 1149 plana
1212 1076 1363 1147 campes-

346 1190 461 1278 trium,
497 1190 541 1262 ad
574 1192 697 1266 arduas
724 1191 872 1284 Alpium
911 1213 1007 1264 arces
1043 1191 1238 1282 pedestrem
1265 1212 1361 1298 scan-

342 1322 454 1397 dendo
497 1344 651 1415 gressum
694 1327 886 1417 dirigebant
926 1326 960 1397 in
1007 1325 1123 1411 altum.
1194 1322 1359 1415 Cumque,

339 1458 489 1531 lustratis
531 1461 669 1552 Alpium
715 1459 941 1532 cacuminibus
982 1458 1186 1550 glacialique
1230 1458 1360 1528 nivium

340 1592 500 1668 nebulosa
526 1593 707 1682 turbidine,
737 1593 816 1664 almi
832 1593 897 1665 Dei
926 1591 1131 1665 adminiculo
1148 1595 1359 1663 sanctorum-

340 1746 406 1815 que
450 1727 689 1816 sustentaque,
738 1747 812 1799 cum
862 1732 1060 1798 cunctorum
1118 1724 1357 1796 contribulium

339 1858 498 1929 clientela
537 1859 753 1951 omniumque
795 1860 1002 1948 collegarum
1049 1864 1150 1931 coetu
1198 1860 1261 1931 tuti
1295 1859 1356 1932 toti

337 1989 485 2062 tumidas
496 1990 639 2061 militum
647 1998 828 2064 evaserunt
840 1992 1016 2080 versutias,
1030 1991 1356 2083 illustriaextemplo

337 2122 494 2194 adierunt
539 2121 662 2194 limina
709 2125 915 2215 egregiaque
963 2123 1078 2212 Petri,
1128 2125 1356 2215 apostolorum

334 2255 508 2344 principis,
546 2254 723 2346 petierunt
756 2257 926 2347 praesidia
952 2256 1200 2347 immensasque
1227 2255 1352 2329 ibidem

334 2387 558 2477 omnipotenti
579 2386 653 2458 Deo
680 2408 721 2459 ac
747 2397 862 2476 gratas
874 2387 1071 2460 referebant
1083 2389 1220 2477 gratias,
1251 2388 1350 2479 quod,

333 2518 460 2607 magnis
499 2497 711 2591 transmeatis
754 2521 856 2592 maris
896 2519 1139 2593 discriminibus
1180 2521 1350 2611 variisque

331 2650 611 2741 peregrinationis
639 2657 857 2722 externorum
899 2650 1107 2753 ignominiis
1148 2674 1212 2743 per
1239 2653 1351 2723 omnia

333 2781 487 2875 prosperi
528 2783 759 2855 scholasticum
799 2782 964 2855 scandere
997 2789 1197 2866 meruerunt
1225 2783 1349 2854 scalam

331 2924 368 2986 et
394 2915 601 3007 praeclaram
629 2914 725 2988 adire
752 2915 857 2999 sancti
885 2913 984 2988 Petri
1012 2915 1192 2988 basilicam.

582 3244 635 3313 IX.
671 3245 785 3330 Roma3
817 3245 903 3314 lebni
925 3245 1091 3349 laborant.

408 3433 503 3505 Tunc
516 3434 563 3505 illi
576 3434 644 3505 duo
656 3433 819 3523 germani,
850 3435 895 3506 ibi
914 3439 1093 3508 manentes
1121 3456 1141 3505 a
1169 3435 1347 3506 nativitate

328 3568 436 3639 sancti
449 3565 588 3637 Martini
616 3567 795 3655 usquead
824 3567 925 3638 aliam
938 3568 1161 3661 solemnitatis
1174 3569 1343 3658 pascham,

327 3709 362 3773 et
389 3700 521 3788 interim
549 3700 627 3771 dum
656 3699 714 3770 illa
742 3700 855 3788 gelida
882 3671 1090 3791 frugalisque
1109 3701 1216 3772 hienis
1235 3705 1345 3772 trans-
