3368 4650
1315 587 1358 654 97

334 775 457 860 crypta
486 767 615 843 habens
643 767 711 840 VII
739 767 871 841 altaria
926 768 1044 845 Habet
1072 773 1175 845 etiam
1203 790 1358 863 snprase

332 903 450 976 silvam
487 924 659 995 magnam:
695 905 727 976 in
766 925 866 995 quani
906 912 1059 998 cryptam
1100 927 1201 980 nemo
1241 911 1357 998 potest

332 1058 414 1129 prae
442 1036 647 1111 obscuritate
667 1038 884 1112 tenebrarum
899 1039 1036 1126 intrare,
1067 1041 1129 1112 nisi
1157 1059 1233 1112 oum
1255 1037 1354 1109 lumi-

332 1169 471 1242 naribus
515 1172 674 1243 accensit.
754 1172 881 1244 Ibidem
928 1181 1003 1245 erat
1051 1173 1155 1245 abbas
1203 1171 1357 1243 dominus

334 1298 547 1372 Valentinaa.

415 1485 476 1553 20,
504 1485 536 1554 A
565 1491 680 1555 monta
700 1485 816 1558 Aureo
831 1488 1048 1578 pervenimus
1067 1488 1246 1576 Romam,
1264 1490 1354 1560 intra

332 1635 432 1706 quarn
472 1615 589 1686 urbem
630 1615 674 1687 ad
701 1602 901 1690 orientalern
929 1627 1076 1710 partem,
1107 1620 1140 1689 in
1169 1620 1257 1706 loco,
1296 1623 1353 1709 qui

331 1745 658 1838 dicituntateranin
688 1755 741 1821 est
770 1751 911 1822 ecclesia
938 1753 971 1821 in
1003 1750 1134 1820 honore
1162 1752 1272 1821 sancti
1293 1750 1354 1823 Jo-

332 1881 451 1950 hannia
484 1877 661 1970 Baptistae
699 1882 785 1953 bene
819 1883 1017 1972 composita,
1047 1880 1103 1951 ubi
1132 1888 1186 1953 eat
1213 1884 1353 1973 propria

330 2012 429 2083 sedes
452 2012 695 2101 apostolorum.
734 2011 861 2083 ibidem
889 2013 995 2085 etiam
1025 2032 1225 2104 unaquaque
1254 2021 1353 2083 nocte

331 2144 532 2216 deseruntur
559 2144 673 2215 claves
699 2144 743 2215 ad
771 2144 991 2234 apostolicum
1011 2144 1054 2215 de
1083 2147 1243 2217 unireraa
1269 2146 1351 2215 civi·

330 2285 411 2347 tate.
458 2276 514 2347 nd
542 2277 788 2350 occidentalem
815 2285 931 2349 autem
961 2284 1092 2368 partein
1121 2278 1212 2349 beati
1241 2275 1349 2360 Petri,

330 2409 492 2499 principia
519 2409 765 2497 apostolorum,
795 2417 847 2480 est
863 2410 1016 2497 ecelesia,
1034 2410 1090 2480 ubi
1110 2411 1181 2500 ipse
1198 2409 1352 2497 requies·

330 2543 387 2629 rit,
417 2542 470 2611 cui
500 2542 532 2609 in
561 2539 795 2625 magnitudine
823 2560 890 2609 non
918 2541 1114 2611 estsimilis
1142 2539 1287 2613 ecclesia
1318 2543 1351 2611 iu

330 2674 487 2744 universa
530 2680 641 2743 terra:
681 2690 768 2759 quae
813 2671 965 2741 eontinet
1006 2658 1110 2740 etiarn
1149 2679 1351 2745 ornamenta

328 2804 474 2876 diversa.
521 2803 556 2874 ln
586 2804 649 2874 itae
676 2802 778 2873 etiarn
817 2801 989 2890 praedicta
1025 2801 1111 2871 urba
1154 2805 1348 2874 innumera·

328 2937 408 3007 bilia
435 2956 581 3026 corpora
608 2942 799 3004 sanctonrm
836 2934 1058 3022 requiescunt.

409 3124 470 3191 21.
507 3118 545 3189 in
573 3120 636 3189 hac
664 3117 765 3189 etiarn
794 3116 877 3188 urbe
904 3117 1050 3206 separati
1079 3136 1197 3187 sumus
1225 3114 1270 3184 ab
1298 3116 1350 3185 in·

327 3255 449 3337 noenu
485 3271 549 3340 ogo
586 3271 667 3322 vero
702 3257 821 3339 postea
859 3251 933 3320 reni
968 3248 1011 3318 ad
1048 3256 1238 3319 sanctum
1276 3246 1345 3317 Mi·

326 3385 484 3456 enatem
513 3384 561 3453 ati
590 3383 690 3455 onas
719 3380 895 3459 tumbas,
924 3381 980 3471 qui
1009 3380 1103 3450 iocaa
1132 3388 1185 3449 eat
1213 3381 1298 3448 situs
1312 3379 1346 3450 in

326 3526 451 3602 monte,
480 3518 538 3606 qui
566 3515 752 3608 porrigitur
779 3516 812 3583 in
842 3533 933 3583 maro
961 3534 1024 3602 per
1051 3509 1276 3580 duaaleucasz
1308 3509 1344 3579 io

325 3650 513 3719 summitate
548 3649 649 3738 hujus
682 3646 808 3717 montis
843 3651 896 3714 est
932 3645 1113 3713 ecclesia
1150 3641 1344 3713 inhonore

325 3782 460 3851 sancti
495 3778 733 3864 Michaelis,
774 3783 812 3846 et
846 3777 880 3845 in
914 3774 1058 3845 cicuitu
1093 3773 1183 3845 iilius
1219 3773 1344 3843 montis

1128 3917 1148 3982 7
