3368 4650
389 531 593 599 140·

390 712 540 787 Domino
577 728 652 781 eum
688 707 911 801 respiciente,
953 711 1009 802 pie
1049 711 1270 785 reminiscens
1311 710 1407 784 verbi

384 844 479 935 iesu,
509 862 594 916 vere
616 843 796 934 poenituit,
824 845 921 918 flevit
940 865 1063 934 amare,
1089 843 1223 934 fugiens
1238 843 1275 915 in
1291 862 1408 917 caver

385 998 480 1066 narn,
531 994 621 1067 qnae
660 975 762 1047 modo
802 976 909 1066 galli
954 981 1104 1050 cantus
1143 976 1404 1069 vulgariterque

385 1108 589 1185 Galilaea
615 1108 818 1201 appellatur.

465 1242 505 1314 In
540 1248 656 1315 monte
691 1240 771 1314 Sion
808 1239 962 1316 Christus
997 1241 1169 1335 discipulis
1203 1245 1274 1319 suis
1300 1264 1405 1338 appa-

382 1376 460 1467 ruit,
491 1348 649 1450 undeet
677 1377 711 1447 hi
740 1396 858 1451 versus
885 1377 1104 1452 inveniuntur
1130 1378 1177 1452 ibi
1194 1379 1341 1472 appositi
1369 1378 1403 1451 iu

384 1509 509 1582 dextro
537 1510 647 1583 latere
674 1510 853 1584 ecclesiae:

437 1639 636 1718 christus
676 1642 903 1737 discipulis
949 1645 1148 1738 apparuit
1188 1645 1259 1720 hic
1298 1644 1405 1736 gali-

492 1778 604 1851 laeis

435 1931 630 2002 surgens.
699 1911 937 2006 Propterea
976 1912 1095 1984 locus
1146 1919 1213 1983 est
1258 1909 1404 1983 dictus

490 2041 704 2118 Galilaea.
731 2120 733 2128 ,

461 2177 500 2250 In
530 2177 597 2268 via,
627 2198 693 2268 qua
720 2177 763 2250 de
792 2177 875 2249 Sion
905 2175 1125 2249 descenditur
1151 2173 1184 2245 in
1205 2173 1328 2247 vallem
1341 2172 1403 2246 Jo-

380 2310 512 2402 saphat,
541 2309 605 2383 suu
631 2315 732 2402 porta
757 2310 881 2382 montis
909 2306 1006 2399 Sion,
1041 2327 1145 2398 snper
1172 2308 1315 2381 eandem
1344 2325 1401 2378 ca-

381 2461 532 2534 vernam,
562 2446 618 2515 est
644 2441 837 2515 ‘ecclesia
864 2438 1054 2537 aedificata,
1084 2463 1185 2534 quom
1205 2440 1311 2514 hodie
1330 2459 1402 2512 ser-

382 2581 462 2649 vant
487 2576 638 2665 graeci
664 2574 867 2647 monachi.

459 2708 569 2781 Facto
608 2709 726 2800 itaque
766 2709 925 2801 sequenti
966 2729 1063 2782 mane
1100 2706 1232 2802 judicio
1271 2707 1398 2800 iniquo,

380 2843 558 2915 damnatus
587 2846 666 2915 ante
693 2843 905 2934 praetorium
939 2842 973 2913 in
1007 2842 1081 2915 loco
1110 2840 1256 2933 quodam
1284 2839 1401 2930 flogel-

379 2977 479 3066 latur,
509 2975 621 3066 alapis
649 2975 815 3066 caeditur,
845 2981 881 3051 et
914 2976 1126 3068 conspuitur,
1162 2979 1261 3048 veste
1294 2973 1400 3045 rubea

379 3109 539 3199 induitur,
569 3108 686 3201 spinea
712 3129 836 3182 corona
849 3109 1020 3203 pungitur.
1057 3107 1155 3199 Quod
1171 3107 1299 3179 indicat
1327 3105 1399 3197 epi-

380 3261 534 3332 gramma
560 3241 683 3314 ibidem
712 3243 862 3333 positum
889 3243 938 3313 sic
967 3243 1156 3315 continens:

433 3373 523 3446 Iste
539 3381 785 3465 coronatur,
801 3397 881 3468 quo
896 3375 1181 3468 munduSJure
1203 3378 1395 3463 regatur.

456 3505 617 3580 Eundem
644 3509 753 3581 locum
782 3509 937 3599 designat
964 3508 1095 3601 capella
1122 3513 1203 3581 ante
1230 3505 1396 3597 majorem

378 3641 555 3716 ecclesiam
585 3641 677 3730 Sion,
707 3663 824 3716 versus
851 3643 992 3715 boream
1019 3643 1094 3734 sita,
1124 3642 1299 3713 continens
1324 3639 1396 3729 pic-

377 3783 487 3849 turam
515 3779 634 3865 gestae
660 3775 711 3848 rei
739 3795 814 3849 cum
842 3776 903 3849 tali
931 3776 1194 3871 epigrammate:
