3368 4650
336 499 403 569 uo

334 680 472 753 civitate
498 695 601 769 saepe
626 675 671 747 ab
698 673 853 749 hostibus
879 678 977 768 rapta
994 677 1029 745 et
1044 669 1227 764 destructa,
1245 673 1351 746 etiam

334 809 455 883 eadem
467 811 681 879 sacrosancta
708 807 786 878 loca
813 807 903 879 intra
928 823 1044 877 muros
1057 805 1096 876 et
1116 823 1226 895 prope
1243 809 1349 896 extra,

334 941 378 1013 de
406 938 528 1031 quihus
554 944 685 1010 unum
712 937 928 1028 intendimus,
957 941 1173 1010 sunteversa
1199 941 1235 1011 et
1260 936 1352 1009 forte

333 1078 454 1164 postea
481 1074 715 1161 transmutata,
743 1068 822 1144 ideo
848 1070 936 1145 haec
955 1076 1072 1144 nostra
1093 1070 1233 1144 devotio
1256 1070 1354 1164 jnxta

333 1206 435 1278 situm
469 1224 605 1295 eorum,
635 1223 736 1295 quem
763 1223 878 1276 ooram
903 1204 1006 1297 positi
1033 1204 1180 1278 videndo
1209 1204 1353 1279 deuota·

333 1338 457 1427 vimus,
491 1335 765 1428 superabundans
796 1342 858 1409 aut
889 1337 1060 1430 superflua
1086 1340 1154 1413 non
1182 1345 1235 1412 est
1257 1339 1351 1431 judi·

334 1469 450 1542 canda.
493 1468 548 1542 De
575 1469 628 1541 his
654 1473 785 1560 anum,
823 1490 911 1560 quae
939 1472 1042 1563 longe
1069 1479 1166 1548 extra
1192 1473 1227 1545 in
1254 1472 1351 1566 adJa·

334 1609 432 1678 cente
458 1610 536 1677 sunt
561 1603 744 1696 provincia,
774 1622 843 1675 non
863 1606 1105 1696 proposuimus
1122 1605 1245 1697 dioere,
1274 1625 1353 1695 oog·

335 1742 511 1810 noscentes
533 1736 607 1828 jam
634 1738 678 1810 ah
705 1735 781 1810 aliis
806 1736 1017 1811 sufficienter
1043 1738 1173 1812 dictum
1201 1737 1286 1811 iore.

337 1997 366 2062 1.
400 1994 575 2074 Nazareth,
588 1995 697 2064 saltus
713 1995 849 2072 Domini,
870 1993 1053 2078 Sepphoris,
1077 1996 1164 2063 dana
1178 1995 1352 2074 Galilaeae,

399 2100 518 2178 dabor,
546 2101 749 2181 hermoniim,
778 2101 881 2178 Nalm
911 2097 1030 2180 Endon,
1060 2099 1170 2181 dison,
1192 2099 1352 2178 Joaruhel,

399 2203 586 2287 hiagoddon,
610 2206 734 2284 delhna,
756 2202 973 2288 Soythopoliu
997 2202 1138 2288 dyuaoa

414 2392 646 2464 Veruntamen
696 2389 901 2481 principium
948 2390 1050 2482 hujus
1103 2391 1350 2484 descriptionis,

330 2531 473 2617 propter
506 2524 683 2597 exordium
715 2528 851 2628 nostrae
885 2523 1105 2597 redemtionis
1142 2526 1176 2596 in
1209 2525 1351 2596 civitate

330 2657 620 2750 Nazarethper
630 2656 898 2729 incarnationem
912 2657 1212 2749 Dominiangeliua
1223 2678 1353 2730 aunun-

331 2792 481 2863 eiatione
501 2789 719 2880 celebratum,
738 2788 781 2861 uh
800 2787 920 2861 eadem
939 2788 1090 2880 civitate,
1117 2810 1205 2880 qnae
1222 2789 1348 2861 Hiero·

330 2924 467 3015 solymis
493 2922 567 2996 iere
593 2920 770 3011 sexaginta
797 2921 961 2994 milliariis
989 2922 1110 3012 distat,
1140 2923 1349 3001 constituere¹

244 3058 247 3063 ’
330 3060 367 3129 et
391 3057 467 3128 loca
492 3054 727 3146 interJaoentia
753 3054 977 3145 interipsum
1005 3061 1041 3126 et
1067 3055 1238 3127 dvitatem
1252 3074 1348 3126 sano·

329 3192 402 3260 tam
437 3188 585 3262 breviter
619 3191 657 3258 et
689 3186 882 3259 summatim
920 3186 1153 3277 perstringere
1181 3187 1344 3276 volumus,

328 3320 411 3391 licet
444 3319 488 3391 de
521 3319 573 3390 his
605 3339 670 3409 per
702 3316 785 3390 alios
818 3316 969 3391 diffusius
1001 3324 1038 3389 et
1077 3319 1239 3409 prolixius
1272 3320 1344 3411 jam

331 3449 460 3523 dietum
489 3471 562 3523 esse
591 3468 845 3540 cognosoomus.

410 3582 505 3654 Haeo
538 3582 658 3655 eadem
690 3581 826 3673 civitas,
857 3579 981 3655 'decem
1008 3581 1171 3654 milliariis
1196 3604 1219 3653 a
1245 3581 1346 3654 iihe-

329 3713 425 3786 riade
451 3713 589 3806 dauns,
619 3719 721 3806 capnt
747 3717 802 3786 est
829 3711 1014 3804 Galilaeae,
1044 3720 1081 3785 et
1105 3714 1242 3805 proprie
1257 3714 1341 3784 eivi-
