3368 4650
341 494 386 564 lo

340 825 485 895 xxxm.
540 823 656 903 Roms3
693 837 798 889 soram
838 839 925 908 papa
955 816 1182 906 peregrinatio
1215 817 1362 884 brevitor

726 929 975 1014 perstringitur.
1119 931 1121 933 ’

320 1185 323 1191 ’
420 1199 502 1272 Post
528 1199 613 1272 baec
639 1199 755 1289 itaque
782 1205 862 1271 tunc
889 1198 1082 1291 presbyter,
1112 1197 1182 1298 qui,
1210 1197 1254 1270 de
1280 1195 1360 1269 His-

268 1361 275 1371 ·
338 1333 442 1426 pania
469 1334 620 1422 veniens,
658 1332 702 1404 ad
730 1332 889 1405 Sanctum
916 1332 1142 1406 Benedictum
1170 1331 1218 1402 ibi
1244 1351 1360 1402 mane·

339 1468 413 1557 bat,
456 1467 630 1540 licentiam
669 1468 815 1557 rogabat
855 1467 1020 1541 abbatem
1057 1466 1281 1539 Petronaeem
1315 1463 1359 1534 ad

338 1601 482 1674 Romam
508 1622 666 1694 pergere.
710 1601 900 1693 Statimque
915 1601 984 1694 ille,
1014 1601 1155 1674 licentia
1172 1596 1358 1688 postulata,

338 1737 485 1827 rogabat
498 1734 741 1827 willibaldum,
770 1741 809 1807 ut
835 1756 910 1809 cum
939 1755 981 1806 eo
1008 1739 1175 1825 pergeret
1202 1735 1240 1806 et
1266 1730 1359 1805 illum

338 1869 480 1942 duceret
506 1869 550 1940 ad
577 1867 731 1941 sanctum
757 1870 906 1941 Petrum.
956 1865 1005 1937 Et
1037 1866 1095 1940 ille
1124 1867 1241 1939 statim
1269 1867 1356 1958 peti·

337 2002 486 2075 tionibus
514 2004 589 2095 ejus
617 2022 814 2076 consensum
841 2021 902 2073 seu
937 1997 1094 2072 effectum
1120 2001 1354 2092 promittebat.

339 2134 493 2226 Cumque
521 2136 569 2206 illi
584 2112 780 2227 pergerent,
806 2133 850 2204 ad
864 2132 1031 2204 Romam
1057 2140 1226 2206 venerunt
1239 2141 1353 2227 atque,

337 2268 426 2338 illico
454 2268 627 2339 basilicam
660 2269 769 2339 sancti
797 2265 891 2338 Petri
927 2265 1113 2357 intrantes,
1155 2286 1252 2339 sacra
1278 2287 1355 2339 coe·

336 2399 431 2471 lestis
467 2399 672 2471 clavicularii
700 2401 961 2489 postulaverunt
999 2369 1185 2491 praesidia¹
1198 2400 1355 2491 illiusque

334 2552 371 2604 se
399 2532 680 2604 commendabant
706 2534 762 2624 pio
782 2555 923 2626 precum
950 2534 1141 2622 patricinio.
1182 2532 1277 2605 Tunc
1297 2531 1354 2604 ille

333 2684 431 2736 sacer
479 2664 682 2757 apostolicae
722 2666 812 2739 sedis
854 2665 1008 2759 pontifex
1047 2664 1234 2756 Gregorius
1278 2664 1352 2752 ili,

333 2798 564 2870 venerandum
585 2797 695 2870 virum
706 2798 937 2872 Willibaldum
955 2799 1025 2871 illic
1040 2819 1114 2870 esse
1132 2797 1351 2888 comperiens,

299 2931 511 3023 praecepit
544 2931 638 3004 illum
660 2932 723 3004 ‘ad
759 2954 796 3005 se
830 2931 957 3004 venire.
1012 2929 1165 3023 Cumque
1196 2929 1265 3004 illic
1292 2949 1352 3000 ve·

331 3064 438 3135 nisset
483 3063 528 3134 ad
564 3070 717 3137 sanetum
762 3065 882 3138 summi
920 3064 1109 3137 sacerdotii
1147 3061 1348 3154 pontificem,

331 3197 445 3268 statim
471 3217 582 3288 prono
600 3198 697 3269 vultu
723 3199 903 3271 interram
929 3216 967 3269 so
995 3196 1162 3286 vergebat
1190 3200 1227 3268 et
1255 3197 1347 3269 illum

330 3329 512 3404 salutabat.
560 3329 791 3421 Protinusque
819 3330 877 3400 ille
905 3330 983 3418 pius
1007 3328 1214 3419 populorum
1232 3350 1350 3422 specu·

330 3461 420 3533 lator
446 3463 510 3554 piis
537 3463 720 3535 verborum
747 3461 1032 3536 vicissitudinibus
1054 3463 1187 3535 itineris
1214 3465 1266 3536 sui
1295 3485 1350 3535 or-

330 3594 443 3667 dinem
471 3598 676 3685 investigare
705 3597 819 3687 coepit
846 3596 890 3667 ab
917 3594 992 3667 illo:
1035 3597 1204 3687 quomodo
1231 3602 1348 3686 septu·

328 3727 420 3818 plum
448 3749 611 3799 annorum
638 3730 802 3801 calculum
830 3730 863 3799 in
879 3730 1028 3801 externis
1041 3730 1194 3802 terminis
1216 3729 1347 3804 telluris
