3368 4650
1291 579 1356 649 271

330 770 394 844 snb
421 777 538 844 monte
564 767 760 862 Bethuliae,
800 791 901 862 quam
928 767 1134 843 Holofernae
1163 764 1272 837 voluit
1298 783 1357 836 ex·

329 925 494 998 pugnare.
529 905 584 979 De
596 905 732 977 Naason
749 905 793 977 ad
811 904 896 977 duas
913 901 1031 977 leucas
1048 907 1172 975 contra
1189 899 1357 973 orientem

331 1044 368 1110 et
394 1037 438 1110 de
461 1037 624 1110 Dothaim
652 1045 724 1113 tres
751 1040 863 1112 leucas
890 1043 944 1112 est
971 1035 1208 1129 Neptalim,
1238 1035 1386 1107 cintus

329 1169 473 1261 Tobiae,
503 1191 591 1272 quae
619 1171 712 1242 sacta
740 1177 792 1243 est
818 1171 903 1243 sicut
931 1171 1052 1243 casale.
1100 1167 1155 1241 De
1184 1165 1357 1258 Neptalirn

329 1309 478 1394 quatuor
490 1304 607 1375 leucas
629 1310 747 1375 contra
761 1304 927 1376 orientem
946 1323 1052 1393 snpra
1066 1321 1162 1373 mare
1180 1299 1357 1372 Gadilaeae

255 1495 259 1502 .
328 1440 381 1506 eat
407 1434 659 1524 Bethsaida,
690 1434 1163 1508 civitas-andreaeetpetri.
1201 1431 1285 1505 lnde
1311 1430 1356 1502 ad

328 1565 412 1637 duas
427 1567 542 1638 leucas
560 1573 679 1638 contra
695 1573 845 1638 austrum
862 1574 915 1640 est
932 1566 1164 1657 Magdalon
1178 1566 1355 1639 castellnm

328 1718 431 1790 supra
458 1718 552 1768 mare
579 1696 772 1787 Galilaeae,
807 1698 896 1770 unde
923 1698 1134 1788 Magdalena
1164 1698 1257 1770 dicta
1289 1703 1353 1768 eat.

327 1830 381 1901 De
408 1829 597 1901 Bethsaida
629 1851 692 1921 per
725 1851 825 1901 unam
863 1831 994 1903 leucam
1029 1835 1151 1902 contra
1186 1832 1356 1900 orientem

327 1969 381 2036 est
407 1964 520 2049 locus,
556 1983 622 2052 quo
657 1961 815 2034 Christus
848 1963 946 2034 stetit
979 1964 1013 2032 in
1041 1961 1156 2035 littore
1192 1968 1230 2033 et
1270 1960 1355 2032 dixit

326 2102 460 2186 septem
495 2094 680 2184 discipulis:
716 2091 841 2182 Pueri,
874 2115 1052 2184 nonquam
1081 2093 1355 2184 pulmentarium

327 2229 476 2300 Moero:
505 2227 602 2316 cnjus
630 2227 774 2315 vestigia
801 2227 835 2296 in
864 2225 975 2315 lapide
1004 2219 1175 2299 videntur.
1216 2226 1352 2300 Deinde

328 2368 447 2434 contra
461 2359 628 2429 orientem
650 2365 703 2430 est
719 2359 1031 2448 Kapharuaum‚
1055 2360 1174 2450 inqua
1194 2358 1352 2431 Christus

326 2495 432 2567 multa
464 2492 629 2562 miracula
663 2496 826 2581 operatus
860 2500 923 2562 est.
969 2490 1077 2562 Math.
1108 2507 1158 2562 n.
1229 2491 1353 2563 Postea

324 2648 389 2718 per
402 2626 486 2698 duas
501 2626 616 2695 leucas
629 2644 749 2695 versus
771 2624 936 2695 orientem
950 2623 1123 2696 Jordanus
1140 2625 1246 2695 intrat
1256 2643 1350 2694 mare

326 2760 516 2847 Galilaeae,
552 2759 586 2828 in
620 2756 716 2847 cujus
749 2756 860 2825 altiori
895 2756 1013 2825 littore
1046 2755 1205 2828 videntur
1231 2758 1350 2827 ruinae

328 2891 578 2963 Chorosain.
636 2890 672 2960 ln
701 2887 764 2958 hoc
793 2889 869 2958 loco
898 2889 1014 2979 incipit
1042 2908 1199 2960 ascensus
1227 2889 1351 2959 montis

326 3023 433 3095 Sanir.
473 3021 527 3093 Dc
545 3020 734 3092 Chorosain
758 3028 904 3110 quatuor
923 3021 1034 3091 leucas
1047 3029 1166 3091 contra
1185 3022 1350 3092 orientem

326 3164 378 3229 eat
404 3154 557 3243 Cedat,
588 3154 705 3225 civitas
733 3153 901 3244 quondam
930 3153 1015 3225 bene
1043 3155 1188 3224 munita.
1234 3154 1349 3227 Unde:

325 3286 495 3359 Haditooi
535 3309 612 3356 cum
659 3284 889 3356 hodimntidus
934 3282 1061 3355 Cedor.
1132 3288 1189 3358 Ab
1230 3287 1350 3359 Ackon

326 3429 472 3511 quatuor
500 3421 616 3491 leucas
644 3439 762 3489 versus
791 3419 954 3489 orientem
980 3426 1032 3489 est
1061 3415 1204 3491 Chana
1233 3419 1351 3493 Gali·

324 3553 464 3640 laeae,
507 3553 564 3623 ubi
594 3551 749 3622 Christus
787 3572 907 3641 aquam
942 3551 1113 3622 conuertit
1147 3552 1180 3623 in
1223 3555 1347 3624 vinnm.

323 3683 437 3756 Locus
454 3686 647 3776 nuptiarum
665 3693 719 3756 est
736 3686 853 3776 crippa
881 3683 1036 3778 (crypta)
1057 3686 1090 3754 in
1111 3706 1193 3756 saro
1217 3694 1348 3775 cavata,

325 3837 412 3906 quae
443 3836 570 3907 paucos
591 3817 684 3905 capit
704 3816 865 3902 homines,
896 3824 931 3888 et
948 3817 1138 3888 ostenditur
1157 3818 1260 3904 locus,
1290 3817 1348 3888 nbi
