3368 4650
1287 552 1353 620 att

329 736 385 807 est
410 733 445 805 in
472 732 584 807 medio
611 734 687 807 riae
714 733 858 808 duarnm
890 733 1143 826 praedictarum
1176 731 1352 807 civitatum

328 888 393 961 per
414 867 634 944 alemanicum
653 869 798 944 milliare
816 869 1021 944 distantium.
1066 869 1235 962 Tempore
1252 864 1352 941 mne

328 1002 481 1075 alannum
509 1008 583 1076 erat
609 1003 745 1079 coelam
773 1005 867 1078 annis
895 1006 1005 1079 tribus
1033 1011 1070 1078 et
1083 1003 1254 1077 mensibus
1276 1021 1348 1076 sen

330 1134 427 1208 Inter
460 1134 652 1211 Jerusalem
691 1142 730 1210 et
764 1137 966 1212 Bethlehem
1004 1137 1061 1210 vel
1095 1135 1255 1229 Ephrata
1297 1139 1351 1206 est

328 1287 447 1340 mons
474 1266 601 1360 Gion,
630 1270 666 1340 in
695 1290 764 1361 qno
791 1290 853 1343 rex
879 1268 1038 1342 Salomon
1070 1267 1137 1341 tuit
1166 1271 1289 1341 anetus
1315 1273 1352 1340 et

329 1405 529 1490 eoronatns,
564 1421 670 1492 snper
705 1420 808 1492 quem
840 1399 1015 1474 mdifioata
1054 1400 1121 1473 tuit
1158 1399 1352 1473 eeclesia

331 1529 449 1603 beati
477 1531 704 1623 Cypriani,
733 1538 902 1623 utsupra
928 1533 1055 1605 dinam
1083 1539 1147 1605 est
1200 1529 1351 1606 Ulterius

328 1681 437 1754 prope
464 1664 554 1736 riam
580 1669 635 1737 est
661 1664 821 1738 indiciam
847 1683 989 1753 magnae
1016 1664 1167 1754 turris,
1195 1665 1255 1738 ubi
1279 1661 1350 1735 Ja-

329 1794 415 1867 cob
429 1793 621 1868 colluctavit
634 1816 713 1868 enm
730 1797 865 1886 angelo,
881 1795 970 1868 unde
985 1792 1072 1867 Gen.
1098 1797 1159 1866 32.
1214 1793 1351 1869 Deinde

327 1926 374 1999 ad
400 1925 551 2000 denham
576 1947 688 2018 prope
715 1928 823 2018 mam,
858 1948 924 2019 qna
950 1928 1020 1999 itur
1047 1927 1081 1997 in
1108 1925 1266 2016 Hebron,
1295 1929 1351 1998 est

332 2059 611 2151 sepulchrum
638 2059 862 2151 Rachelis,
891 2060 1005 2131 uxoris
1033 2078 1135 2148 suae,
1169 2055 1261 2148 qnod
1286 2074 1351 2147 per

329 2209 532 2263 sarracenos
560 2197 682 2263 ornate
709 2197 765 2266 est
792 2196 1022 2264 constructum
1057 2190 1164 2264 etad
1197 2193 1350 2260 anstrum

327 2340 464 2394 versam
490 2321 659 2396 habentes
686 2323 735 2396 ibi
763 2323 973 2412 sepulturam
1001 2341 1130 2411 eorum,
1160 2326 1197 2393 et
1229 2319 1350 2393 dicitnr

325 2452 421 2526 locus
449 2450 706 2526 chabratha.
765 2454 849 2526 Post
874 2455 940 2527 hoc
965 2474 1034 2525 non
1061 2455 1164 2543 longe
1190 2450 1349 2544 perreni-

325 2592 384 2656 tnr
411 2581 455 2654 ad
481 2603 640 2672 agrum,
669 2586 790 2677 inquo
816 2605 932 2659 semen
959 2586 1147 2676 pisarum
1173 2603 1235 2656 aen
1259 2583 1348 2656 nire·

327 2736 404 2788 rum
431 2722 515 2787 nutu
542 2713 609 2786 Dei
635 2723 875 2788 commutatum
902 2721 955 2788 est
982 2717 1017 2786 in
1044 2716 1180 2805 lapillos
1205 2714 1347 2787 formam

326 2847 478 2938 pisarum
505 2843 668 2918 habentes
696 2855 734 2919 et
761 2847 992 2938 quantitatem.

410 2978 450 3049 ln
477 2978 618 3050 civitate
644 2976 902 3050 Bethlehem
938 2997 1056 3049 remus
1093 2997 1249 3049 oocasum
1281 2973 1347 3047 init

331 3109 514 3182 ecelesia
545 3106 723 3181 Oosmae
765 3116 807 3181 et
842 3107 1046 3179 Damiani.
1115 3108 1153 3180 ln
1192 3109 1347 3197 ingressa

327 3242 445 3331 itaque
471 3240 647 3331 majoris
675 3240 889 3313 ecelesiae
916 3259 938 3311 a
965 3239 1109 3328 dextris,
1139 3240 1241 3331 iaxta
1267 3238 1346 3311 rho·

328 3393 422 3460 rum,
459 3375 513 3442 eat
537 3370 647 3442 altare
674 3370 856 3459 designans
881 3372 1007 3458 locum,
1043 3391 1111 3462 qno
1143 3370 1263 3442 multi
1290 3371 1348 3441 in·

331 3503 578 3576 nocentium
605 3508 684 3574 sunt
710 3503 939 3574 interemti.
981 3502 1112 3575 ibidem
1130 3508 1167 3575 et
1183 3501 1348 3574 Dominus

329 3635 456 3709 desua
493 3640 546 3707 est
582 3634 874 3722 circumcisum
913 3635 975 3707 sed
1007 3655 1029 3706 a
1063 3634 1208 3708 sinistris
1240 3654 1347 3727 prope

332 3769 512 3839 cisternam
539 3773 591 3837 est
618 3765 777 3853 altare,
807 3764 863 3836 ubi
890 3767 996 3858 magi
1023 3766 1068 3837 ad
1088 3765 1348 3843 honoremnovi
