3368 4650
331 540 401 620 aab

331 730 485 818 Propter
511 724 586 817 eins
611 722 851 795 amoenitatem
878 720 923 795 de
949 739 993 791 ea
1017 719 1108 792 bene
1141 719 1211 792 dici
1236 724 1357 811 potest

333 858 418 931 illud
439 855 581 931 Genea:
608 849 702 926 Aser
723 853 869 945 pinquis
888 851 999 943 punis
1025 851 1104 940 ejus
1132 855 1165 923 ct
1183 851 1357 944 praedm

332 989 477 1063 delitias
502 985 648 1080 recidas.
711 985 811 1076 Quod
845 985 961 1078 utique
989 984 1200 1058 verificatum
1231 983 1296 1058 luit
1320 985 1356 1058 in

332 1130 428 1196 sorte
455 1121 566 1195 tribus
592 1120 692 1193 Aser.
752 1119 792 1190 In
826 1117 936 1210 spatio
968 1119 1027 1191 16.
1062 1123 1100 1191 et
1133 1120 1197 1191 22.
1224 1119 1356 1212 quadro

334 1261 390 1328 est
420 1253 656 1344 Neptalim‚
692 1253 736 1324 de
769 1272 836 1342 qna
874 1249 940 1322 luit
965 1251 1107 1325 Tobias:
1141 1251 1238 1326 firmo
1277 1253 1356 1326 lnc‘n

332 1389 399 1460 sita
427 1392 466 1458 et
491 1385 710 1458 inaccessibili
737 1385 801 1458 nisi
828 1406 850 1457 a
875 1390 975 1475 parte
1002 1387 1145 1459 orientis
1165 1406 1229 1478 per
1249 1387 1356 1462 breve

331 1518 492 1610 spatium,
520 1517 611 1610 quod
637 1525 793 1612 tempore
821 1518 945 1592 excidii
960 1512 1148 1594 secundum
1166 1519 1356 1612 Josepbum

331 1650 523 1744 Jonapuma
549 1650 742 1746 (Jotapata)
769 1652 956 1743 dicebatur,
983 1653 1019 1724 iu
1047 1673 1115 1744 qna
1140 1651 1231 1725 idem
1254 1651 1355 1727 Jnse-

330 1784 422 1877 phns
450 1785 609 1858 obsessus
635 1785 698 1857 init
723 1806 746 1857 a
772 1786 919 1858 romanis
938 1790 974 1859 et
994 1792 1131 1877 captus:
1159 1805 1246 1876 quae
1263 1806 1351 1859 nnnc

331 1917 458 1991 Siran
486 1916 620 1989 dicitur.
675 1918 744 1993 Sub
772 1921 835 1990 24.
864 1919 995 2010 quadro
1015 1925 1068 1993 est
1088 1917 1348 2008 villaEndor‚

330 2049 375 2121 de
402 2070 473 2141 qno
490 2048 657 2121 Psalmus:
685 2049 930 2142 Disperiemnt
946 2049 1138 2124 inllndor.
1191 2050 1260 2123 Sub
1289 2051 1351 2121 55.

330 2179 464 2270 quadro
491 2187 544 2253 est
570 2179 728 2256 Betlrel
754 2184 788 2254 in
815 2185 908 2257 tribu
933 2183 1129 2276 Benjamin,
1158 2184 1216 2257 ubi
1241 2181 1350 2256 Jacob

328 2312 480 2404 lapidem
513 2314 622 2385 erexit
651 2315 686 2386 in
719 2315 869 2407 titulum,
911 2315 1047 2407 qnando
1083 2316 1173 2405 fugit
1205 2334 1227 2385 a
1264 2312 1348 2384 facie

328 2443 435 2534 Esau,
466 2444 653 2537 dormiens,
682 2447 740 2518 nbi
767 2448 853 2519 vidit
878 2448 1002 2520 scalam
1029 2454 1113 2539 etc,
1152 2452 1188 2521 et
1214 2443 1350 2517 vocavit

329 2597 457 2649 nomen
484 2578 551 2650 loci
578 2580 668 2650 illius
695 2578 863 2669 Bethel,
892 2600 913 2650 a
945 2600 1012 2671 quta
1038 2601 1158 2652 versus
1185 2577 1349 2649 umentem

333 2714 386 2782 est
411 2708 497 2781 Hai
524 2711 657 2800 civitas,
687 2711 730 2783 de
758 2733 826 2802 qua
852 2710 961 2784 Josue
988 2715 1024 2784 8.
1054 2712 1225 2784 scribitur.
1283 2706 1351 2779 Sub

333 2843 467 2932 quadro
511 2845 571 2914 69.
611 2849 664 2914 est
702 2843 909 2931 Mambre,
947 2844 1004 2915 ubi
1046 2845 1151 2932 longo
1196 2846 1351 2930 tempore

331 2974 503 3047 habitavit
527 2973 720 3066 Abraham,
755 2975 943 3065 sedensque
976 2976 1020 3046 nd
1054 2976 1167 3046 ilicem
1196 2970 1351 3043 Mambre

332 3107 368 3176 in
397 3106 487 3177 nstin
515 3107 726 3179 tabernaculi
753 3109 805 3179 sui
832 3107 918 3178 vidit
945 3109 1124 3179 tresviros
1144 3104 1350 3178 descenden-

331 3244 386 3308 tes
411 3256 479 3326 per
505 3238 596 3310 viam
624 3244 689 3309 etc.
719 3239 843 3315 Geues.
875 3241 934 3318 18,
973 3238 1042 3312 llex
1069 3238 1129 3310 illa
1157 3237 1348 3310 ostenditur

332 3367 437 3440 hodie
466 3375 545 3441 ante
573 3370 698 3442 ostium
725 3373 943 3445 tabernaculi.
998 3371 1078 3462 Ipsa
1102 3377 1218 3443 tamen
1250 3378 1349 3442 vetus

332 3502 441 3588 arnit;
477 3501 538 3572 sed
565 3501 610 3575 de
646 3504 762 3577 radice
797 3507 871 3599 ejus
905 3504 971 3577 alia
1003 3512 1039 3576 et
1071 3505 1140 3576 alia
1173 3511 1253 3575 nata
1285 3510 1348 3576 est.

332 3629 372 3702 In
411 3635 477 3706 20.
523 3636 634 3724 spatio
678 3646 732 3710 est
773 3636 932 3712 Sochn‘t
972 3636 1085 3711 Judae
1129 3638 1233 3729 juxta
1269 3636 1351 3709 val·

332 3764 412 3838 lem
441 3764 709 3861 Terebintbi,
739 3770 796 3841 ubi
815 3769 927 3843 David
944 3770 1116 3844 interfecit
1130 3769 1264 3842 Goliam
1291 3788 1350 3858 ge-

967 4400 1170 4596 fu
