3368 4650
1279 614 1355 680 ⁴245

327 796 559 877 aJerusnlem
587 818 651 903 per
676 795 851 871 dimidium
878 798 1020 873 milliare
1043 797 1252 873 alemaulcae
1279 794 1355 872 ulae

326 933 418 1027 quod
436 937 491 1010 est
509 935 557 1007 lh
573 932 693 1024 madia,
707 932 785 1007 Joh.
810 935 876 1006 ll:
904 935 960 1010 ubi
979 936 1044 1010 suh
1072 934 1215 1009 castello
1244 930 1354 1008 cerni-

326 1075 384 1144 tur
409 1067 689 1160 sepulchrum
710 1065 867 1142 Lazari
894 1067 1067 1154 achristn
1091 1066 1298 1157 resuscitati,
1317 1069 1355 1138 et

326 1199 392 1276 fuit
418 1202 467 1276 ihi
494 1222 644 1292 magna
672 1202 880 1294 ecclesia,
908 1205 1005 1299 cujus
1033 1203 1210 1278 columnae
1243 1197 1353 1272 adhuc

328 1339 459 1408 stantes
487 1334 661 1407 videntur.
718 1336 774 1409 Ah
800 1336 923 1410 eodem
949 1335 1127 1430 sepulchro
1149 1333 1353 1427 perdecem

328 1488 447 1558 passus
475 1469 510 1540 in
539 1467 721 1542 tenebrosa
749 1469 921 1543 testudine
957 1474 1011 1549 eat
1045 1469 1166 1544 altare.
1224 1463 1354 1543 Ibidem

327 1599 618 1701 catechistas,
646 1622 720 1674 cum
746 1603 856 1694 ipsum
884 1604 1024 1676 vocavit
1050 1601 1094 1674 de
1119 1601 1349 1678 monumento.

328 1731 418 1808 Item
445 1704 710 1807 deloris'altius
746 1735 825 1807 huic
860 1737 895 1808 iu
929 1735 1087 1830 proximo
1121 1741 1177 1808 est
1210 1732 1354 1807 domus

328 1865 515 1941 Simonis
542 1866 717 1957 leprosi,
746 1866 832 1940 duas
858 1869 989 1943 habeus
1017 1868 1195 1956 cisternas,
1224 1865 1258 1935 lu
1287 1881 1355 1958 qua

328 1998 538 2089 Magdalena
569 1997 656 2071 ludit
688 2005 900 2089 unguentum
931 2020 1035 2093 super
1075 2003 1182 2089 caput
1221 2015 1355 2069 menm-

327 2128 458 2220 heutis‚
494 2126 538 2200 de
565 2150 633 2222 quo
660 2130 767 2205 Judas
793 2153 958 2209 accensus
993 2139 1069 2205 erat
1102 2127 1348 2222 indignatione.
1453 2133 1459 2142 “

327 2264 421 2336 Ante
448 2281 509 2334 sex
537 2262 610 2335 dies
636 2263 788 2355 paschae
816 2267 976 2338 coenavit
1002 2266 1103 2340 Jesus
1130 2267 1165 2338 iu
1185 2259 1354 2336 Bethania

327 2393 473 2468 Martha
499 2393 719 2491 ministrante,
749 2398 846 2490 cujus
873 2397 984 2471 lratcr
1009 2419 1096 2470 uuus
1123 2403 1200 2473 erat
1225 2417 1267 2469 ex
1287 2392 1354 2466 dis·

328 2525 576 2616 eumheutibus,
605 2537 747 2619 propter
774 2509 877 2622 quam
892 2532 998 2605 multa
1016 2530 1133 2603 turba:
1163 2550 1206 2602 cx
1220 2526 1354 2621 judaeis

328 2666 497 2733 uenerunt
524 2658 608 2748 illic,
651 2657 842 2751 cogitantes
876 2669 914 2736 et
948 2664 1116 2735 Lazarum
1150 2659 1352 2735 interlicere.

327 2788 406 2864 Joh.
435 2793 494 2862 12.
516 2792 549 2863 A
569 2789 736 2866 Bethania
754 2814 820 2886 per
837 2815 899 2867 ser
914 2797 1027 2887 jactis
1045 2792 1194 2881 sagittae
1221 2789 1355 2863 uidetur

328 2922 1353 3018 lapismagnusiucampo,snperquemseditDominus,

328 3053 635 3148 quandohlnrthae
649 3059 807 3148 occurrit,
816 3059 849 3130 ei
861 3057 989 3131 diceus:
1005 3055 1164 3147 Domine,
1180 3053 1355 3144 aifaison

327 3184 384 3260 hic
409 3192 477 3261 etc.
507 3188 564 3261 Ab
588 3188 647 3261 illo
668 3191 789 3282 lapide,
819 3191 854 3262 iu
872 3195 1034 3284 quantum
1058 3190 1147 3279 lapis
1158 3188 1351 3280 projicitur,

328 3319 520 3393 annishis
547 3342 666 3397 versus
692 3321 880 3396 Jordanem
906 3325 1044 3396 videtur
1072 3322 1170 3395 ruina
1205 3321 1354 3393 domus

327 3449 528 3527 Marthae
556 3460 591 3527 et
617 3456 768 3545 signatas
804 3455 949 3528 ambitus
981 3460 1059 3526 arte
1092 3463 1131 3527 et
1165 3454 1353 3526 caldarium

327 3583 389 3655 sub
426 3584 578 3674 rupibus.
636 3586 771 3662 Deinde
805 3608 871 3680 per
906 3609 1009 3662 unum
1039 3588 1169 3679 jaccum
1210 3587 1353 3675 sagittae

326 3714 506 3788 adextris
548 3717 710 3791 declivius
750 3728 868 3794 centn
907 3726 1059 3796 austrum
1098 3717 1166 3792 luit
1208 3716 1354 3790 domus

328 3843 1350 3945 Magdalenae‚cujusiuloeuestdeat1uctaecclesia,
