3368 4650
325 764 456 859 aman
483 772 550 842 eta
588 765 688 843 Ultra
704 768 896 841 torrentem
924 766 1080 862 ejusdem
1108 767 1234 844 montis
1259 766 1352 841 inter

326 907 478 978 ausuum
498 909 534 978 et
553 903 722 979 orientem
739 903 793 978 est
818 924 916 979 mons
937 904 1124 982 Hermon
1150 902 1350 994 modicus,

326 1034 371 1111 de
388 1035 627 1131 quoPsalmus
655 1038 750 1113 dixit.
787 1039 843 1115 De
858 1037 1033 1116 Nazareth
1059 1043 1209 1133 quatuor
1233 1037 1352 1114 leucos

327 1176 363 1244 et
396 1172 441 1245 de
474 1177 590 1247 monte
617 1171 732 1247 Tabor
767 1172 863 1271 (plus
895 1171 982 1271 una)
1017 1177 1072 1248 est
1101 1172 1213 1246 alter
1238 1187 1352 1245 mons

326 1303 527 1398 Hermon,
565 1308 601 1379 in
640 1307 737 1399 anjns
777 1306 888 1381 latore
926 1307 1094 1400 aquiloms
1132 1309 1189 1382 est
1230 1303 1352 1379 divitas

326 1435 459 1531 Noim,
488 1438 547 1513 ubi
573 1439 752 1514 suscitmit
777 1439 941 1515 Dominus
968 1438 1074 1514 tilium
1101 1440 1237 1514 viduae.
1280 1435 1351 1511 Isto

325 1587 424 1646 mons
451 1572 649 1646 extenditur
676 1577 799 1646 eontra
826 1575 994 1647 orientem
1020 1593 1143 1649 versus
1170 1593 1266 1648 mare
1280 1569 1351 1646 Ga·

326 1704 448 1779 lilaeae
474 1706 548 1780 tere
581 1705 626 1778 ad
660 1706 809 1797 quinqua
841 1706 968 1780 leneas.
1024 1705 1129 1779 Mons
1155 1703 1289 1780 Gelboe
1315 1710 1353 1779 et

327 1859 424 1913 mons
450 1838 605 1912 Hermon
632 1839 685 1910 ita
711 1839 832 1911 situati
860 1845 955 1929 sunt,
985 1840 1099 1913 nteit
1125 1838 1280 1913 Hermon
1307 1838 1350 1910 ab

326 1972 503 2064 aqmlone,
547 1970 682 2057 Gelboe
718 1971 764 2045 ab
797 1978 913 2045 austro
948 1977 984 2045 et
1017 1970 1051 2043 in
1086 1971 1199 2046 medio
1232 1989 1350 2043 eorum

326 2105 484 2196 planities
511 2103 653 2176 dumam
687 2105 860 2178 leucarum
893 2104 962 2177 lata
996 2110 1033 2178 et
1061 2111 1208 2197 quatuor
1234 2103 1348 2192 longa

326 2236 365 2310 In
393 2239 458 2310 ista
484 2235 627 2327 planitie
654 2242 735 2308 ante
763 2240 918 2328 tempora
943 2256 1068 2328 magna
1093 2237 1186 2312 bella
1212 2240 1249 2310 et
1275 2254 1350 2307 con·

325 2369 435 2442 dietus
468 2365 618 2440 fuemnt.
680 2368 734 2440 Ibi
769 2371 858 2442 enim
892 2367 1037 2443 Gedeon
1070 2369 1246 2460 superavit
1278 2386 1350 2439 ma·

327 2500 479 2573 dianitas.
514 2499 564 2571 lbi
585 2498 666 2572 Saul
683 2507 864 2593 superatus
892 2507 945 2575 est
971 2523 992 2574 a
1019 2502 1222 2594 philistaeis,
1251 2500 1351 2593 cnjns

327 2640 431 2727 eaput
457 2631 709 2723 suspenderunt
727 2638 826 2706 extra
852 2633 985 2708 moenia
1012 2634 1159 2708 civitatis
1185 2635 1348 2722 Bethsan,

326 2787 417 2860 qnae
444 2772 498 2840 est
524 2766 615 2837 inter
640 2764 828 2840 Jordanem
857 2770 895 2837 et
922 2764 1065 2842 Gelboe.

405 2897 562 2973 Galilaea
589 2900 788 2987 campestris
815 2905 868 2971 est
895 2898 969 2970 iere
997 2905 1035 2970 et
1061 2898 1183 2989 plana,
1213 2917 1257 2970 ex
1284 2917 1352 2969 nna

326 3015 425 3126 parte
450 3031 568 3106 esde
595 3027 704 3103 Terra
731 3029 871 3121 Sancta,
905 3031 1134 3122 inquesita
1165 3037 1219 3105 est
1246 3029 1351 3104 Beth·

324 3165 436 3254 mida3
468 3164 621 3237 Samaria
647 3183 731 3235 vero
757 3169 954 3263 montuosa,
987 3163 1022 3234 in
1056 3183 1124 3255 qna
1151 3162 1348 3254 Sebaste,

326 3297 493 3389 quondam
528 3298 649 3372 nobilis
683 3297 801 3371 civitas
841 3298 932 3388 apud
966 3315 1068 3387 reges
1101 3296 1226 3387 Imael,
1261 3317 1350 3368 nnnc

326 3434 440 3504 antem
479 3431 632 3505 desolma
678 3436 715 3502 et
733 3511 740 3522 ,
758 3437 834 3503 tota
872 3430 1041 3504 derelicta
1086 3435 1226 3522 praeter
1267 3429 1351 3503 duas

327 3565 502 3637 eaetesias:
531 3586 597 3638 una
624 3566 739 3639 estin
766 3565 962 3636 summitate
991 3565 1129 3654 montis,
1159 3563 1217 3637 nbi
1243 3585 1350 3657 qnon-

326 3696 405 3768 dam
443 3697 574 3785 reginm
607 3698 673 3770 init
704 3698 881 3791 palatium,
920 3698 1031 3770 altera
1064 3703 1119 3770 est
1153 3699 1188 3772 in
1219 3697 1349 3771 honore

326 3829 431 3903 munti
450 3827 614 3903 iohannis
635 3831 825 3924 Baptistae,
855 3832 891 3902 in
911 3850 980 3922 qna
998 3832 1153 3925 sepultus
1180 3830 1243 3907 tuit
1262 3833 1351 3904 inter

1139 3953 1180 4022 18
