3368 4650
1286 600 1354 681 tbi

331 781 626 879 damascenorum,
670 790 727 859 est
784 786 922 879 aanna
970 788 1008 858 et
1053 784 1178 858 nobilis
1231 781 1355 857 civitas

330 917 499 992 Barntb
532 919 729 1014 (Berytus);
762 919 824 994 sed
862 925 990 1014 pcirtus⁸
1023 919 1100 1014 ejus
1142 918 1353 1013 periculosus

330 1060 393 1144 est,
422 1055 457 1126 in
485 1074 585 1146 quem
613 1076 679 1128 nos
708 1061 830 1129 ventus
849 1055 1019 1147 aquilonis
1039 1055 1169 1135 intrare
1188 1052 1356 1145 compulit

330 1187 364 1259 in
398 1188 517 1279 vigilia
553 1189 662 1262 suncti
697 1189 868 1282 Thomae,
909 1212 931 1263 a
962 1209 1031 1282 quo
1072 1187 1355 1277 regrediebamur

329 1322 374 1393 ud
401 1320 543 1412 grandia
570 1321 712 1395 flumina
739 1325 774 1395 in
801 1323 917 1413 vigilia
942 1322 1128 1415 munitatis
1152 1317 1289 1409 Christi,
1317 1322 1355 1392 et

328 1454 363 1524 in
397 1454 547 1527 diluculo
585 1457 764 1547 sequentis
803 1455 870 1529 diei
908 1455 987 1528 sesti
1026 1454 1174 1529 eundem
1212 1456 1354 1546 portum

328 1607 399 1659 non
426 1589 501 1661 sine
527 1594 622 1660 metu
649 1589 777 1660 itemm
804 1609 869 1681 per
894 1589 1066 1661 turbinem
1100 1588 1268 1681 compulsi
1294 1609 1353 1659 sn·

328 1740 406 1793 mus
433 1721 571 1809 intrare,
601 1721 671 1811 nbi,
701 1719 779 1791 lixis
805 1723 959 1811 ancoris,
995 1721 1161 1810 lugubres
1195 1723 1353 1794 stetimus

328 1874 439 1944 usqne
465 1854 510 1925 ad
534 1853 623 1924 diem
655 1853 934 1926 circumcisionis.
989 1853 1048 1924 Ab
1069 1853 1229 1926 exteriori
1249 1859 1353 1945 porta

329 1985 487 2058 orientali
504 1985 659 2079 ejusdem
680 1985 829 2057 civitatis
848 2005 913 2078 per
932 1984 1097 2058 ducentos
1114 1992 1150 2058 et
1166 1985 1352 2074 nonaginta

329 2137 456 2207 passus
467 2117 658 2188 ostenditur
668 2117 778 2208 locus,
786 2118 843 2190 ubi
856 2119 976 2191 beatus
984 2115 1352 2215 Hieronymus(Geor·

327 2249 416 2340 gius)
433 2254 628 2320 tortuosum
648 2270 799 2339 anguem
825 2248 1008 2321 interfecit.
1049 2248 1121 2322 Sub
1138 2249 1269 2343 quadro
1287 2252 1350 2322 31.

328 2386 383 2453 est
408 2380 502 2452 lons
529 2379 684 2472 lsrael,
714 2382 759 2454 de
786 2402 855 2472 quo
882 2382 994 2472 primo
1013 2382 1159 2474 Regum,
1187 2382 1245 2454 ubi
1269 2380 1352 2454 Phi·

326 2513 430 2585 listim
447 2514 594 2584 fixerunt
610 2521 727 2586 castra
747 2535 819 2604 sua,
843 2535 918 2587 cum
937 2514 1020 2587 Saul
1043 2520 1136 2587 esset
1151 2515 1186 2586 in
1204 2512 1347 2588 Gelboe
1412 2517 1415 2521 ’

328 2644 420 2717 lnter
437 2643 800 2719 montemGelboe
821 2654 859 2719 et
880 2651 1067 2719 montem
1089 2646 1352 2720 Hermoniim

327 2784 382 2847 est
398 2777 495 2848 vallis
509 2777 652 2848 duarum
682 2779 856 2851 leucarum
873 2778 908 2850 in
923 2777 1110 2850 latidudine
1137 2780 1202 2871 (et)
1223 2779 1257 2849 in
1277 2778 1351 2850 lon-

326 2910 480 2996 gitudine
507 2930 573 2981 non
592 2916 674 2982 octo
702 2910 879 2982 leucarum
899 2909 1065 3000 usquead
1090 2908 1287 2999 Jordanem,
1317 2912 1351 2982 in

328 3063 396 3132 qua
428 3042 524 3112 multi
559 3041 740 3114 conflictus
771 3043 879 3114 habiti
919 3048 1013 3114 snut:
1054 3040 1189 3114 Gideon
1231 3047 1352 3114 contra

330 3174 488 3264 Madian,
529 3173 647 3249 Achab
685 3181 807 3247 contra
840 3175 998 3265 assyrios,
1040 3174 1212 3247 modernis
1246 3175 1351 3246 etiam

329 3306 540 3398 temporibus
567 3309 694 3378 turturi
718 3329 795 3379 cum
815 3308 1015 3379 sarracenis.
1059 3304 1217 3378 Eundem
1236 3305 1351 3377 locum

328 3440 459 3526 signavi
474 3459 547 3509 cum
561 3440 689 3529 gladio.
722 3439 793 3511 Sub
809 3438 938 3528 quadro
950 3441 1010 3512 19.
1029 3445 1083 3511 est
1098 3438 1211 3510 casale
1227 3436 1351 3508 Sanc·

329 3591 404 3658 gor
430 3570 587 3660 (Sanctus
604 3571 804 3663 Georgius),
826 3573 885 3644 ubi
908 3577 1041 3642 sununs
1056 3568 1253 3640 Matthaeus
1275 3588 1352 3640 cre·

329 3703 423 3772 ditur
441 3702 542 3775 luisse
556 3711 664 3774 natus.
693 3703 745 3774 Et
759 3707 922 3776 estsitum
936 3703 1025 3774 iuter
1040 3703 1244 3774 montanain
1260 3699 1351 3771 ualle

330 3835 445 3925 pingui
463 3840 499 3908 et
517 3834 632 3925 fertili,
647 3855 739 3927 quae
760 3834 980 3926 protenditur
995 3833 1038 3904 ad
1055 3854 1151 3906 mare
1162 3832 1348 3906 Galilaeae

1139 3951 1205 4018 12·
