3368 4650
334 524 402 594 270

334 726 403 794 cns,
432 709 469 775 et
487 722 585 774 mous
604 701 727 774 Libani
746 702 780 774 in
801 723 845 774 ea
862 673 1039 793 preclarus
1057 701 1211 773 mooun.
1267 698 1359 771 Tota

335 841 450 907 antem
483 838 580 906 terra
613 854 635 905 a
666 831 762 922 Tigri
794 833 900 906 fluvio
935 853 1041 924 usqne
1081 832 1126 904 ad
1159 814 1357 924 Aegyptum

334 967 545 1058 generaliter
585 966 683 1059 Syria
721 972 944 1059 nuncupatur.
1000 965 1085 1038 Pars
1124 969 1241 1038 nmen
1282 964 1359 1058 ejus

332 1102 453 1194 prima,
484 1122 573 1192 qnae
600 1107 654 1174 est
679 1100 772 1173 inter
785 1099 909 1172 fluvios
925 1099 1126 1192 Euphraten
1154 1103 1192 1173 et
1215 1098 1356 1191 Tigrim,

332 1232 551 1327 protenditur
582 1254 646 1326 per
677 1232 813 1322 longum
849 1235 895 1306 ah
929 1234 1088 1327 aquilone
1123 1233 1157 1304 in
1192 1236 1356 1323 austrum,

332 1369 398 1440 hoc
425 1373 494 1456 est,
528 1387 551 1436 a
581 1373 695 1438 monte
720 1365 834 1439 Tauro
861 1388 970 1460 nsque
997 1367 1041 1440 ad
1068 1387 1162 1441 mare
1189 1367 1355 1456 Ruhmm,

219 1595 224 1601 ἱ
333 1508 370 1574 et
401 1501 603 1593 appellatur
643 1498 894 1592 Mesopotamia
933 1499 1069 1594 Syriae,
1109 1501 1205 1592 qnasi
1243 1499 1356 1573 media

331 1636 422 1707 inter
447 1653 569 1725 aquas,
606 1639 642 1705 et
666 1634 773 1708 hahet
797 1642 922 1726 gentes
952 1635 1090 1725 multas,
1126 1643 1166 1707 ut
1199 1632 1352 1728 parthos,

332 1767 468 1856 medos,
508 1768 628 1859 quibus
668 1767 713 1839 ah
752 1772 872 1841 austro
913 1770 1131 1862 conjungitur
1168 1767 1352 1842 Chaldaea.

333 1899 467 1973 Deinde
505 1903 575 1973 itur
600 1901 834 1991 Antiochiam,
870 1903 929 1974 uhi
962 1922 1079 1975 omnes
1111 1902 1246 1991 fideles,
1294 1899 1352 1990 qni

331 2035 426 2126 prius
453 2035 663 2106 vocabantur
688 2034 839 2127 galilaei,
869 2036 1046 2110 christiani
1074 2036 1235 2127 appellati
1261 2037 1350 2119 sunt,

331 2166 389 2256 qni
415 2186 506 2236 nnnc
534 2189 557 2237 a
588 2169 776 2240 miraeanis
812 2170 949 2272 uasrani
987 2174 1162 2239 vocantur.
1217 2160 1349 2238 Ibidem

331 2296 494 2368 cathedra
520 2297 612 2372 beati
626 2298 721 2371 Petri
747 2298 823 2389 luit,
852 2299 896 2372 de
919 2322 987 2391 qua
1008 2306 1044 2372 et
1061 2298 1224 2372 Galienus
1250 2300 1352 2365 natus

331 2436 396 2519 est,
425 2430 482 2520 qui
508 2438 666 2523 nepotem
685 2451 780 2502 sunm
800 2430 933 2503 Lucam
955 2431 1211 2520 Evangelistam
1235 2426 1351 2499 docuit

329 2561 540 2635 medicinam.
587 2565 683 2636 Haeo
709 2565 827 2635 civitas
855 2564 947 2635 dicta
975 2569 1049 2635 erat
1078 2563 1212 2634 Riblata
1243 2542 1348 2649 usgue

329 2695 372 2768 ad
400 2701 533 2786 tempus
560 2697 650 2785 regis
676 2696 844 2768 Antiochi.
891 2698 931 2768 ln
958 2699 1032 2789 ipso
1058 2695 1195 2768 exordio
1227 2691 1349 2764 Coele-

329 2827 441 2918 syriae
468 2847 587 2900 versus
614 2826 867 2925 (occidentem)
896 2837 949 2900 est
981 2829 1099 2900 civitas
1125 2827 1267 2911 Tarsus,
1304 2823 1347 2894 de

329 2981 401 3051 qua
424 2959 492 3031 fuit
519 2969 654 3033 sanctus
681 2959 816 3032 Paulus.

409 3091 496 3163 ltem
535 3094 578 3164 ab
618 3092 734 3164 Achon
773 3093 953 3185 praedicta
991 3095 1146 3180 civitate,
1197 3093 1347 3182 quinque

327 3225 484 3298 milliaria
511 3244 629 3296 versus
656 3225 830 3316 orientem,
868 3226 1008 3297 videtur
1036 3224 1205 3317 quoddam
1234 3224 1346 3296 casale

327 3358 452 3430 dictum
480 3354 658 3428 Sandsorti
686 3356 852 3453 (Sancti
882 3356 1090 3449 Georgii).
1133 3358 1279 3446 Ibidem,
1308 3364 1346 3427 ut

328 3491 471 3578 dicitur,
508 3495 604 3559 natus
631 3488 696 3561 suit
720 3489 844 3561 beatus
871 3490 1102 3581 Hieronymus
1135 3488 1343 3581 (Georgius).

328 3623 412 3694 Inde
426 3622 471 3694 ad
485 3628 636 3727 austrum
654 3627 707 3694 est
719 3623 841 3695 civitas
859 3622 1045 3712 Nasson,
1065 3624 1107 3695 de
1129 3645 1195 3714 qua
1221 3623 1346 3712 legitur

327 3756 361 3824 in
389 3753 508 3826 Tobia.
565 3752 698 3824 Deinde
730 3754 892 3860 adduas
926 3757 1040 3828 leucas
1068 3761 1121 3826 est
1146 3755 1342 3828 Dothaim
