<?xml version="1.0" encoding="UTF-8"?>
<!DOCTYPE html PUBLIC "-//W3C//DTD XHTML 1.0 Transitional//EN"
    "http://www.w3.org/TR/xhtml1/DTD/xhtml1-transitional.dtd">
<html xmlns="http://www.w3.org/1999/xhtml" xml:lang="en" lang="en">
 <head>
  <title>
</title>
<meta http-equiv="Content-Type" content="text/html;charset=utf-8" />
  <meta name='ocr-system' content='tesseract 3.04.00' />
  <meta name='ocr-capabilities' content='ocr_page ocr_carea ocr_par ocr_line ocrx_word'/>
</head>
<body>
  <div class='ocr_page' id='page_1' title='image "./descriptioneste00toblgoog_0113.png"; bbox 0 0 3368 4650; ppageno 0'>
   <div class='ocr_carea' id='block_1_1' title="bbox 342 524 408 599">
    <p class='ocr_par' dir='ltr' id='par_1_1' title="bbox 342 524 408 599">
     <span class='ocr_line' id='line_1_1' title="bbox 342 524 408 599; baseline 0 0"><span class='ocrx_word' id='word_1_1' title='bbox 342 524 408 599; x_wconf 67' lang='lat'><strong>1⁰2</strong></span> 
     </span>
    </p>
   </div>
   <div class='ocr_carea' id='block_1_2' title="bbox 327 697 1359 3832">
    <p class='ocr_par' dir='ltr' id='par_1_2' title="bbox 337 697 1359 1443">
     <span class='ocr_line' id='line_1_2' title="bbox 338 697 1356 793; baseline -0.008 -12"><span class='ocrx_word' id='word_1_2' title='bbox 338 704 537 781; x_wconf 82' lang='lat' dir='ltr'><strong>aelanmtm</strong></span> <span class='ocrx_word' id='word_1_3' title='bbox 570 699 697 788; x_wconf 74' lang='lat' dir='ltr'><strong>inungi.</strong></span> <span class='ocrx_word' id='word_1_4' title='bbox 752 699 803 771; x_wconf 79' lang='lat' dir='ltr'><strong>Et</strong></span> <span class='ocrx_word' id='word_1_5' title='bbox 836 701 891 772; x_wconf 87' lang='lat' dir='ltr'><strong>hic</strong></span> <span class='ocrx_word' id='word_1_6' title='bbox 914 701 1017 793; x_wconf 84' lang='lat' dir='ltr'><strong>juxta</strong></span> <span class='ocrx_word' id='word_1_7' title='bbox 1043 699 1109 771; x_wconf 87' lang='lat' dir='ltr'><strong>Dei</strong></span> <span class='ocrx_word' id='word_1_8' title='bbox 1142 697 1230 770; x_wconf 82' lang='lat' dir='ltr'><strong>filins</strong></span> <span class='ocrx_word' id='word_1_9' title='bbox 1257 720 1356 790; x_wconf 85' lang='lat' dir='ltr'><strong>prae-</strong></span> 
     </span>
     <span class='ocr_line' id='line_1_3' title="bbox 337 829 1359 919; baseline -0.008 -7"><span class='ocrx_word' id='word_1_10' title='bbox 337 842 491 911; x_wconf 80' lang='lat' dir='ltr'><strong>sentatus</strong></span> <span class='ocrx_word' id='word_1_11' title='bbox 518 830 600 919; x_wconf 84' lang='lat' dir='ltr'><strong>init,</strong></span> <span class='ocrx_word' id='word_1_12' title='bbox 635 834 672 902; x_wconf 86' lang='lat' dir='ltr'><strong>et</strong></span> <span class='ocrx_word' id='word_1_13' title='bbox 706 829 817 904; x_wconf 86' lang='lat' dir='ltr'><strong>Jacob</strong></span> <span class='ocrx_word' id='word_1_14' title='bbox 849 833 972 904; x_wconf 87' lang='lat' dir='ltr'><strong>scalam</strong></span> <span class='ocrx_word' id='word_1_15' title='bbox 1007 831 1051 902; x_wconf 90' lang='lat' dir='ltr'><strong>de</strong></span> <span class='ocrx_word' id='word_1_16' title='bbox 1085 829 1182 904; x_wconf 86' lang='lat' dir='ltr'><strong>coeio</strong></span> <span class='ocrx_word' id='word_1_17' title='bbox 1220 830 1359 904; x_wconf 78' lang='lat' dir='ltr'><strong>descen-</strong></span> 
     </span>
     <span class='ocr_line' id='line_1_4' title="bbox 339 960 1114 1043; baseline -0.008 -2"><span class='ocrx_word' id='word_1_18' title='bbox 339 969 476 1043; x_wconf 85' lang='lat' dir='ltr'><strong>dentem</strong></span> <span class='ocrx_word' id='word_1_19' title='bbox 505 962 601 1039; x_wconf 82' lang='lat' dir='ltr'><strong>vidit</strong></span> <span class='ocrx_word' id='word_1_20' title='bbox 658 963 689 1034; x_wconf 83' lang='grc' dir='ltr'><strong>Α</strong></span> <span class='ocrx_word' id='word_1_21' title='bbox 717 960 852 1035; x_wconf 78' lang='lat' dir='ltr'><strong>sinistro</strong></span> <span class='ocrx_word' id='word_1_22' title='bbox 880 961 991 1035; x_wconf 84' lang='lat' dir='ltr'><strong>latere</strong></span> <span class='ocrx_word' id='word_1_23' title='bbox 1019 961 1114 1035; x_wconf 87' lang='lat' dir='ltr'><strong>chori</strong></span> 
     </span>
     <span class='ocr_line' id='line_1_5' title="bbox 392 1092 1357 1192; baseline -0.004 -17"><span class='ocrx_word' id='word_1_24' title='bbox 392 1104 456 1175; x_wconf 84' lang='lat' dir='ltr'><strong>est</strong></span> <span class='ocrx_word' id='word_1_25' title='bbox 485 1097 654 1171; x_wconf 86' lang='lat' dir='ltr'><strong>ablatus</strong></span> <span class='ocrx_word' id='word_1_26' title='bbox 680 1115 754 1168; x_wconf 84' lang='lat' dir='ltr'><strong>rex</strong></span> <span class='ocrx_word' id='word_1_27' title='bbox 780 1113 924 1185; x_wconf 74' lang='lat' dir='ltr'><strong>regum</strong></span> <span class='ocrx_word' id='word_1_28' title='bbox 951 1092 1001 1168; x_wconf 93' lang='lat' dir='ltr'><strong>de</strong></span> <span class='ocrx_word' id='word_1_29' title='bbox 1030 1095 1199 1188; x_wconf 82' lang='lat' dir='ltr'><strong>virgine</strong></span> <span class='ocrx_word' id='word_1_30' title='bbox 1220 1104 1357 1192; x_wconf 89' lang='lat' dir='ltr'><strong>natus,</strong></span> 
     </span>
     <span class='ocr_line' id='line_1_6' title="bbox 392 1230 1358 1326; baseline 0.002 -21"><span class='ocrx_word' id='word_1_31' title='bbox 392 1253 473 1326; x_wconf 85' lang='lat' dir='ltr'><strong>quo</strong></span> <span class='ocrx_word' id='word_1_32' title='bbox 500 1231 616 1303; x_wconf 90' lang='lat' dir='ltr'><strong>locus</strong></span> <span class='ocrx_word' id='word_1_33' title='bbox 643 1234 840 1318; x_wconf 86' lang='lat' dir='ltr'><strong>ornatur,</strong></span> <span class='ocrx_word' id='word_1_34' title='bbox 870 1235 1134 1319; x_wconf 88' lang='lat' dir='ltr'><strong>quesanctus</strong></span> <span class='ocrx_word' id='word_1_35' title='bbox 1155 1230 1254 1323; x_wconf 89' lang='lat' dir='ltr'><strong>jare</strong></span> <span class='ocrx_word' id='word_1_36' title='bbox 1291 1253 1358 1307; x_wconf 85' lang='lat' dir='ltr'><strong>vo-</strong></span> 
     </span>
     <span class='ocr_line' id='line_1_7' title="bbox 446 1368 580 1443; baseline -0.022 -6"><span class='ocrx_word' id='word_1_37' title='bbox 446 1368 580 1443; x_wconf 87' lang='lat' dir='ltr'><strong>cetur.</strong></span> 
     </span>
    </p>

    <p class='ocr_par' dir='ltr' id='par_1_3' title="bbox 336 1493 1356 2121">
     <span class='ocr_line' id='line_1_8' title="bbox 419 1493 1355 1585; baseline -0.001 -14"><span class='ocrx_word' id='word_1_38' title='bbox 419 1494 486 1571; x_wconf 81' lang='lat' dir='ltr'><strong>Hic</strong></span> <span class='ocrx_word' id='word_1_39' title='bbox 513 1493 598 1569; x_wconf 87' lang='lat' dir='ltr'><strong>vidit</strong></span> <span class='ocrx_word' id='word_1_40' title='bbox 625 1495 761 1585; x_wconf 76' lang='lat' dir='ltr'><strong>scalam</strong></span> <span class='ocrx_word' id='word_1_41' title='bbox 790 1499 827 1567; x_wconf 90' lang='lat' dir='ltr'><strong>et</strong></span> <span class='ocrx_word' id='word_1_42' title='bbox 855 1494 888 1568; x_wconf 93' lang='lat' dir='ltr'><strong>in</strong></span> <span class='ocrx_word' id='word_1_43' title='bbox 910 1493 1052 1569; x_wconf 87' lang='lat' dir='ltr'><strong>titulum</strong></span> <span class='ocrx_word' id='word_1_44' title='bbox 1081 1498 1189 1571; x_wconf 87' lang='lat' dir='ltr'><strong>erexit</strong></span> <span class='ocrx_word' id='word_1_45' title='bbox 1199 1506 1235 1571; x_wconf 91' lang='lat' dir='ltr'><strong>et</strong></span> <span class='ocrx_word' id='word_1_46' title='bbox 1250 1520 1355 1573; x_wconf 87' lang='lat' dir='ltr'><strong>aram.</strong></span> 
     </span>
     <span class='ocr_line' id='line_1_9' title="bbox 336 1622 1356 1728; baseline -0.005 -21"><span class='ocrx_word' id='word_1_47' title='bbox 336 1630 523 1707; x_wconf 75' lang='lat' dir='ltr'><strong>Adextru</strong></span> <span class='ocrx_word' id='word_1_48' title='bbox 550 1649 633 1702; x_wconf 88' lang='lat' dir='ltr'><strong>vera</strong></span> <span class='ocrx_word' id='word_1_49' title='bbox 662 1628 769 1701; x_wconf 89' lang='lat' dir='ltr'><strong>latere</strong></span> <span class='ocrx_word' id='word_1_50' title='bbox 798 1622 938 1728; x_wconf 83' lang='lat' dir='ltr'><strong>(locus),</strong></span> <span class='ocrx_word' id='word_1_51' title='bbox 968 1628 1024 1702; x_wconf 88' lang='lat' dir='ltr'><strong>ubi</strong></span> <span class='ocrx_word' id='word_1_52' title='bbox 1037 1632 1180 1720; x_wconf 78' lang='lat' dir='ltr'><strong>angelus</strong></span> <span class='ocrx_word' id='word_1_53' title='bbox 1197 1632 1356 1724; x_wconf 89' lang='lat' dir='ltr'><strong>apparuit</strong></span> 
     </span>
     <span class='ocr_line' id='line_1_10' title="bbox 336 1760 1354 1858; baseline -0.003 -19"><span class='ocrx_word' id='word_1_54' title='bbox 336 1764 533 1841; x_wconf 76' lang='lat' dir='ltr'><strong>Zachariae.</strong></span> <span class='ocrx_word' id='word_1_55' title='bbox 573 1760 624 1833; x_wconf 88' lang='lat' dir='ltr'><strong>Ibi</strong></span> <span class='ocrx_word' id='word_1_56' title='bbox 650 1761 769 1835; x_wconf 82' lang='lat' dir='ltr'>subtus</span> <span class='ocrx_word' id='word_1_57' title='bbox 796 1768 849 1833; x_wconf 88' lang='lat' dir='ltr'><strong>est</strong></span> <span class='ocrx_word' id='word_1_58' title='bbox 868 1760 1012 1858; x_wconf 84' lang='lat' dir='ltr'><strong>confixip</strong></span> <span class='ocrx_word' id='word_1_59' title='bbox 1041 1763 1245 1855; x_wconf 85' lang='lat' dir='ltr'><strong>(confessio),</strong></span> <span class='ocrx_word' id='word_1_60' title='bbox 1275 1763 1354 1836; x_wconf 90' lang='lat' dir='ltr'><strong>olim</strong></span> 
     </span>
     <span class='ocr_line' id='line_1_11' title="bbox 336 1892 1355 1986; baseline -0.007 -13"><span class='ocrx_word' id='word_1_61' title='bbox 336 1902 454 1973; x_wconf 70' lang='lat' dir='ltr'><strong>macta</strong></span> <span class='ocrx_word' id='word_1_62' title='bbox 487 1897 698 1985; x_wconf 83' lang='lat' dir='ltr'><strong>sanctarum,</strong></span> <span class='ocrx_word' id='word_1_63' title='bbox 740 1893 797 1965; x_wconf 90' lang='lat' dir='ltr'><strong>nbi</strong></span> <span class='ocrx_word' id='word_1_64' title='bbox 832 1892 996 1968; x_wconf 86' lang='lat' dir='ltr'><strong>Dominus</strong></span> <span class='ocrx_word' id='word_1_65' title='bbox 1022 1893 1148 1968; x_wconf 85' lang='lat' dir='ltr'><strong>dimisit</strong></span> <span class='ocrx_word' id='word_1_66' title='bbox 1174 1894 1355 1986; x_wconf 74' lang='lat' dir='ltr'><strong>peccatrici</strong></span> 
     </span>
     <span class='ocr_line' id='line_1_12' title="bbox 336 2025 847 2121; baseline -0.016 -16"><span class='ocrx_word' id='word_1_67' title='bbox 336 2026 570 2121; x_wconf 75' lang='lat' dir='ltr'><strong>deprehensae</strong></span> <span class='ocrx_word' id='word_1_68' title='bbox 598 2026 632 2097; x_wconf 86' lang='lat' dir='ltr'><strong>in</strong></span> <span class='ocrx_word' id='word_1_69' title='bbox 659 2025 847 2098; x_wconf 85' lang='lat' dir='ltr'><strong>adulterio:</strong></span> 
     </span>
    </p>

    <p class='ocr_par' dir='ltr' id='par_1_4' title="bbox 388 2158 1174 2382">
     <span class='ocr_line' id='line_1_13' title="bbox 388 2158 752 2253; baseline -0.005 -21"><span class='ocrx_word' id='word_1_70' title='bbox 388 2158 574 2243; x_wconf 72' lang='lat' dir='ltr'><strong>Absolve</strong></span> <span class='ocrx_word' id='word_1_71' title='bbox 600 2164 752 2253; x_wconf 77' lang='lat' dir='ltr'><strong>gentas</strong></span> 
     </span>
     <span class='ocr_line' id='line_1_14' title="bbox 389 2285 1174 2382; baseline -0.008 -18"><span class='ocrx_word' id='word_1_72' title='bbox 389 2289 533 2364; x_wconf 84' lang='lat' dir='ltr'><strong>cerdic</strong></span> <span class='ocrx_word' id='word_1_73' title='bbox 559 2290 717 2363; x_wconf 86' lang='lat' dir='ltr'><strong>crimen</strong></span> <span class='ocrx_word' id='word_1_74' title='bbox 745 2285 956 2360; x_wconf 86' lang='lat' dir='ltr'><strong>iacientes</strong></span> <span class='ocrx_word' id='word_1_75' title='bbox 983 2288 1174 2382; x_wconf 85' lang='lat' dir='ltr'><strong>(fatentes).</strong></span> 
     </span>
    </p>

    <p class='ocr_par' dir='ltr' id='par_1_5' title="bbox 327 2420 1353 3577">
     <span class='ocr_line' id='line_1_15' title="bbox 417 2420 1350 2511; baseline -0.001 -18"><span class='ocrx_word' id='word_1_76' title='bbox 417 2420 466 2493; x_wconf 82' lang='lat' dir='ltr'><strong>nt</strong></span> <span class='ocrx_word' id='word_1_77' title='bbox 493 2420 540 2493; x_wconf 90' lang='lat' dir='ltr'><strong>ibi</strong></span> <span class='ocrx_word' id='word_1_78' title='bbox 568 2420 788 2494; x_wconf 78' lang='lat' dir='ltr'><strong>annunciatus</strong></span> <span class='ocrx_word' id='word_1_79' title='bbox 814 2427 952 2492; x_wconf 88' lang='lat' dir='ltr'><strong>sanctus</strong></span> <span class='ocrx_word' id='word_1_80' title='bbox 979 2421 1154 2494; x_wconf 87' lang='lat' dir='ltr'><strong>Juhannes</strong></span> <span class='ocrx_word' id='word_1_81' title='bbox 1182 2421 1350 2511; x_wconf 86' lang='lat' dir='ltr'><strong>Baptista,</strong></span> 
     </span>
     <span class='ocr_line' id='line_1_16' title="bbox 332 2553 1352 2643; baseline -0.004 -14"><span class='ocrx_word' id='word_1_82' title='bbox 332 2559 368 2629; x_wconf 88' lang='lat' dir='ltr'><strong>et</strong></span> <span class='ocrx_word' id='word_1_83' title='bbox 395 2554 441 2627; x_wconf 91' lang='lat' dir='ltr'><strong>ibi</strong></span> <span class='ocrx_word' id='word_1_84' title='bbox 470 2557 522 2626; x_wconf 87' lang='lat' dir='ltr'><strong>ast</strong></span> <span class='ocrx_word' id='word_1_85' title='bbox 549 2553 720 2641; x_wconf 87' lang='lat' dir='ltr'><strong>columna,</strong></span> <span class='ocrx_word' id='word_1_86' title='bbox 747 2572 857 2643; x_wconf 56' lang='lat' dir='ltr'><strong>&gt;quam</strong></span> <span class='ocrx_word' id='word_1_87' title='bbox 885 2554 1056 2626; x_wconf 85' lang='lat' dir='ltr'><strong>sarraceni</strong></span> <span class='ocrx_word' id='word_1_88' title='bbox 1083 2553 1289 2643; x_wconf 85' lang='lat' dir='ltr'><strong>adorabant,</strong></span> <span class='ocrx_word' id='word_1_89' title='bbox 1317 2553 1352 2625; x_wconf 90' lang='lat' dir='ltr'><strong>in</strong></span> 
     </span>
     <span class='ocr_line' id='line_1_17' title="bbox 330 2684 1353 2781; baseline -0.001 -23"><span class='ocrx_word' id='word_1_90' title='bbox 330 2707 398 2781; x_wconf 79' lang='lat' dir='ltr'><strong>qua</strong></span> <span class='ocrx_word' id='word_1_91' title='bbox 415 2684 539 2758; x_wconf 87' lang='lat' dir='ltr'><strong>dicitnr</strong></span> <span class='ocrx_word' id='word_1_92' title='bbox 566 2704 640 2757; x_wconf 86' lang='lat' dir='ltr'><strong>esse</strong></span> <span class='ocrx_word' id='word_1_93' title='bbox 666 2704 758 2773; x_wconf 89' lang='lat' dir='ltr'><strong>ara,</strong></span> <span class='ocrx_word' id='word_1_94' title='bbox 789 2685 845 2755; x_wconf 92' lang='lat' dir='ltr'><strong>ubi</strong></span> <span class='ocrx_word' id='word_1_95' title='bbox 873 2686 1085 2757; x_wconf 80' lang='lat' dir='ltr'><strong>Abraham</strong></span> <span class='ocrx_word' id='word_1_96' title='bbox 1114 2685 1222 2756; x_wconf 85' lang='lat' dir='ltr'><strong>voluit</strong></span> <span class='ocrx_word' id='word_1_97' title='bbox 1247 2685 1353 2758; x_wconf 85' lang='lat' dir='ltr'><strong>sacri-</strong></span> 
     </span>
     <span class='ocr_line' id='line_1_18' title="bbox 330 2813 1352 2904; baseline -0.005 -13"><span class='ocrx_word' id='word_1_98' title='bbox 330 2816 434 2891; x_wconf 79' lang='lat' dir='ltr'><strong>ficare</strong></span> <span class='ocrx_word' id='word_1_99' title='bbox 472 2813 578 2889; x_wconf 86' lang='lat' dir='ltr'><strong>fllium</strong></span> <span class='ocrx_word' id='word_1_100' title='bbox 605 2836 711 2889; x_wconf 91' lang='lat' dir='ltr'><strong>suum.</strong></span> <span class='ocrx_word' id='word_1_101' title='bbox 766 2814 815 2888; x_wconf 85' lang='lat' dir='ltr'><strong>Et</strong></span> <span class='ocrx_word' id='word_1_102' title='bbox 843 2821 896 2888; x_wconf 89' lang='lat' dir='ltr'><strong>est</strong></span> <span class='ocrx_word' id='word_1_103' title='bbox 923 2817 1028 2889; x_wconf 88' lang='lat' dir='ltr'><strong>etiam</strong></span> <span class='ocrx_word' id='word_1_104' title='bbox 1058 2815 1260 2904; x_wconf 87' lang='lat' dir='ltr'><strong>ecclesia,</strong></span> <span class='ocrx_word' id='word_1_105' title='bbox 1296 2814 1352 2888; x_wconf 91' lang='lat' dir='ltr'><strong>ubi</strong></span> 
     </span>
     <span class='ocr_line' id='line_1_19' title="bbox 328 2946 1350 3038; baseline -0.001 -13"><span class='ocrx_word' id='word_1_106' title='bbox 328 2953 499 3025; x_wconf 82' lang='lat' dir='ltr'><strong>nanctus</strong></span> <span class='ocrx_word' id='word_1_107' title='bbox 532 2946 723 3022; x_wconf 90' lang='lat' dir='ltr'><strong>Jacobus</strong></span> <span class='ocrx_word' id='word_1_108' title='bbox 757 2947 998 3038; x_wconf 87' lang='lat' dir='ltr'><strong>praecipitatus</strong></span> <span class='ocrx_word' id='word_1_109' title='bbox 1032 2947 1096 3020; x_wconf 82' lang='lat' dir='ltr'><strong>fuit</strong></span> <span class='ocrx_word' id='word_1_110' title='bbox 1137 2947 1180 3018; x_wconf 87' lang='lat' dir='ltr'><strong>de</strong></span> <span class='ocrx_word' id='word_1_111' title='bbox 1216 2946 1350 3037; x_wconf 85' lang='lat' dir='ltr'><strong>templo.</strong></span> 
     </span>
     <span class='ocr_line' id='line_1_20' title="bbox 327 3078 1351 3171; baseline -0.004 -16"><span class='ocrx_word' id='word_1_112' title='bbox 327 3079 377 3157; x_wconf 71' lang='lat' dir='ltr'><strong>Et</strong></span> <span class='ocrx_word' id='word_1_113' title='bbox 412 3079 491 3154; x_wconf 90' lang='lat' dir='ltr'><strong>iude</strong></span> <span class='ocrx_word' id='word_1_114' title='bbox 526 3085 622 3152; x_wconf 89' lang='lat' dir='ltr'><strong>extra</strong></span> <span class='ocrx_word' id='word_1_115' title='bbox 654 3100 787 3151; x_wconf 91' lang='lat' dir='ltr'><strong>murum</strong></span> <span class='ocrx_word' id='word_1_116' title='bbox 822 3079 939 3170; x_wconf 86' lang='lat' dir='ltr'><strong>templi</strong></span> <span class='ocrx_word' id='word_1_117' title='bbox 980 3085 1032 3151; x_wconf 88' lang='lat' dir='ltr'><strong>est</strong></span> <span class='ocrx_word' id='word_1_118' title='bbox 1067 3078 1232 3171; x_wconf 87' lang='lat' dir='ltr'><strong>quaedam</strong></span> <span class='ocrx_word' id='word_1_119' title='bbox 1267 3099 1351 3151; x_wconf 89' lang='lat' dir='ltr'><strong>aura</strong></span> 
     </span>
     <span class='ocr_line' id='line_1_21' title="bbox 328 3210 1352 3305; baseline -0.001 -20"><span class='ocrx_word' id='word_1_120' title='bbox 328 3213 454 3305; x_wconf 88' lang='lat' dir='ltr'><strong>(ara),</strong></span> <span class='ocrx_word' id='word_1_121' title='bbox 502 3211 600 3304; x_wconf 82' lang='lat' dir='ltr'><strong>juxta</strong></span> <span class='ocrx_word' id='word_1_122' title='bbox 659 3231 783 3302; x_wconf 64' lang='lat' dir='ltr'><strong>quam,</strong></span> <span class='ocrx_word' id='word_1_123' title='bbox 812 3211 877 3282; x_wconf 88' lang='lat' dir='ltr'><strong>init</strong></span> <span class='ocrx_word' id='word_1_124' title='bbox 924 3210 1124 3284; x_wconf 83' lang='lat' dir='ltr'><strong>interiectus</strong></span> <span class='ocrx_word' id='word_1_125' title='bbox 1176 3217 1352 3284; x_wconf 87' lang='lat' dir='ltr'><strong>sanctus</strong></span> 
     </span>
     <span class='ocr_line' id='line_1_22' title="bbox 329 3341 1351 3433; baseline -0.001 -16"><span class='ocrx_word' id='word_1_126' title='bbox 329 3343 567 3417; x_wconf 78' lang='lat' dir='ltr'><strong>Zacharias.</strong></span> <span class='ocrx_word' id='word_1_127' title='bbox 624 3341 679 3415; x_wconf 86' lang='lat' dir='ltr'><strong>Ab</strong></span> <span class='ocrx_word' id='word_1_128' title='bbox 710 3341 852 3415; x_wconf 86' lang='lat' dir='ltr'><strong>introitu</strong></span> <span class='ocrx_word' id='word_1_129' title='bbox 879 3343 957 3414; x_wconf 85' lang='lat' dir='ltr'><strong>atrii</strong></span> <span class='ocrx_word' id='word_1_130' title='bbox 986 3346 1106 3433; x_wconf 89' lang='lat' dir='ltr'><strong>templi</strong></span> <span class='ocrx_word' id='word_1_131' title='bbox 1135 3348 1188 3416; x_wconf 91' lang='lat' dir='ltr'><strong>est</strong></span> <span class='ocrx_word' id='word_1_132' title='bbox 1221 3350 1351 3433; x_wconf 88' lang='lat' dir='ltr'><strong>perta</strong></span> 
     </span>
     <span class='ocr_line' id='line_1_23' title="bbox 329 3475 788 3577; baseline -0.013 -28"><span class='ocrx_word' id='word_1_133' title='bbox 329 3475 533 3569; x_wconf 84' lang='lat' dir='ltr'><strong>speciosa</strong></span> <span class='ocrx_word' id='word_1_134' title='bbox 784 3565 788 3577; x_wconf 24' lang='grc' dir='ltr'>ι</span> 
     </span>
    </p>

    <p class='ocr_par' dir='ltr' id='par_1_6' title="bbox 329 3606 1347 3832">
     <span class='ocr_line' id='line_1_24' title="bbox 409 3606 1347 3697; baseline 0.001 -16"><span class='ocrx_word' id='word_1_135' title='bbox 409 3607 463 3681; x_wconf 84' lang='lat' dir='ltr'><strong>Ex</strong></span> <span class='ocrx_word' id='word_1_136' title='bbox 508 3606 575 3679; x_wconf 89' lang='lat' dir='ltr'><strong>alio</strong></span> <span class='ocrx_word' id='word_1_137' title='bbox 618 3607 728 3679; x_wconf 89' lang='lat' dir='ltr'><strong>latere</strong></span> <span class='ocrx_word' id='word_1_138' title='bbox 769 3613 822 3678; x_wconf 86' lang='lat' dir='ltr'><strong>est</strong></span> <span class='ocrx_word' id='word_1_139' title='bbox 862 3608 1064 3697; x_wconf 88' lang='lat' dir='ltr'><strong>templum</strong></span> <span class='ocrx_word' id='word_1_140' title='bbox 1104 3607 1347 3682; x_wconf 84' lang='lat' dir='ltr'><strong>Salomonis.</strong></span> 
     </span>
     <span class='ocr_line' id='line_1_25' title="bbox 329 3739 1345 3832; baseline -0.001 -13"><span class='ocrx_word' id='word_1_141' title='bbox 329 3743 423 3819; x_wconf 89' lang='lat' dir='ltr'><strong>luter</strong></span> <span class='ocrx_word' id='word_1_142' title='bbox 459 3739 621 3832; x_wconf 90' lang='lat' dir='ltr'><strong>tempium</strong></span> <span class='ocrx_word' id='word_1_143' title='bbox 659 3746 695 3810; x_wconf 91' lang='lat' dir='ltr'><strong>et</strong></span> <span class='ocrx_word' id='word_1_144' title='bbox 735 3760 875 3813; x_wconf 87' lang='lat' dir='ltr'><strong>auream</strong></span> <span class='ocrx_word' id='word_1_145' title='bbox 912 3747 1049 3832; x_wconf 87' lang='lat' dir='ltr'><strong>portam</strong></span> <span class='ocrx_word' id='word_1_146' title='bbox 1087 3747 1167 3814; x_wconf 90' lang='lat' dir='ltr'><strong>suut</strong></span> <span class='ocrx_word' id='word_1_147' title='bbox 1194 3743 1345 3818; x_wconf 86' lang='lat' dir='ltr'><strong>arbores.</strong></span> 
     </span>
    </p>
   </div>
   <div class='ocr_carea' id='block_1_3' title="bbox 0 0 1688 4650">
    <p class='ocr_par' dir='ltr' id='par_1_7' title="bbox 0 0 1688 4650">
     <span class='ocr_line' id='line_1_26' title="bbox 0 0 1688 4650; baseline 0 3"><span class='ocrx_word' id='word_1_148' title='bbox 0 0 1688 4650; x_wconf 95' lang='lat' dir='ltr'><strong> </strong></span> 
     </span>
    </p>
   </div>
  </div>
 </body>
</html>
