3368 4650
1340 583 1361 648 5

337 766 464 859 bilique
498 769 569 840 vita
602 787 722 840 eorum
756 788 824 838 non
860 767 968 839 solnm
996 769 1030 839 in
1059 764 1208 861 actibus,
1235 762 1296 835 sed
1324 770 1360 835 et

336 904 369 974 in
419 903 601 976 itineribus
652 902 755 974 variis
807 901 1067 993 multifariisque
1117 900 1357 973 miraculorum

335 1036 622 1126 magnitudinibus
680 1037 834 1130 perfecte
891 1036 1179 1129 proficiscentium
1233 1031 1359 1124 aliquid

335 1170 670 1259 memoriacdignunr
692 1171 829 1244 lectoris
854 1170 991 1261 legendi
1012 1169 1167 1242 manibus
1182 1169 1357 1260 imponere

334 1321 388 1371 me
416 1299 511 1372 libet.
551 1301 703 1390 Quorum
721 1303 811 1374 alter
827 1324 978 1376 summae
992 1301 1216 1375 sacerdotalis
1231 1299 1358 1373 insulae

334 1431 582 1522 pastoralisque
611 1455 713 1504 curae
742 1437 988 1525 praerogativa
1006 1434 1190 1524 praelatus,
1220 1434 1357 1506 inclitus

334 1562 523 1651 crucicola,
560 1584 702 1653 magnus
735 1567 899 1656 magister
926 1564 1161 1653 Willibaldns,
1190 1572 1226 1637 et
1253 1566 1356 1653 alter,

334 1703 452 1767 rectae
490 1697 672 1770 soliditatis
710 1698 777 1768 iter
818 1700 1000 1789 arripiens,
1043 1717 1150 1787 prava
1191 1697 1353 1786 dirigens,

335 1827 502 1901 indirecta
528 1851 717 1921 asperaque
746 1827 874 1901 ferocia
901 1831 1008 1920 polite
1022 1829 1202 1922 planitans,
1232 1830 1357 1923 spissas

331 1981 513 2052 pravorum
540 1963 720 2052 gentilium
749 1969 979 2053 potentiusque
1006 1971 1228 2054 peccatorum
1256 1982 1355 2050 spur·

331 2095 428 2166 citius
454 2117 524 2167 non
552 2094 680 2184 deside,
709 2095 825 2185 tepide
841 2095 1003 2167 titubanti
1018 2100 1145 2182 monte,
1175 2092 1248 2183 sed,
1265 2092 1354 2165 felici

331 2229 534 2302 temeritatis
560 2228 705 2301 andacia
735 2229 928 2320 procaciter
961 2248 1129 2318 supernae
1156 2225 1355 2316 sagacitatis

329 2361 404 2432 zelo
432 2363 500 2436 rite
527 2364 723 2451 roboratus,
765 2362 912 2434 instante
950 2361 1066 2432 labore
1095 2361 1210 2431 omnia
1238 2358 1353 2430 exiria-

329 2495 423 2567 oivit
495 2497 559 2587 Qui
604 2495 805 2568 sacerdotali
850 2516 988 2585 quoque
1029 2492 1203 2585 praelatus
1247 2490 1355 2562 infula

327 2630 558 2720 pastoralique
576 2628 939 2720 computatnsbonore
966 2629 1072 2699 abbas
1099 2634 1173 2697 erat
1199 2625 1366 2717 praeclui-1

326 2781 449 2852 nisque
488 2761 681 2833 christicola
720 2760 964 2833 wunebaldus.
1022 2757 1094 2830 lsta
1133 2759 1246 2829 omnia
1287 2777 1351 2847 per

325 2893 419 2964 albus
452 2915 646 2985 camporum
682 2893 858 2983 planities,
894 2894 1028 2964 sulcato
1057 2891 1214 2979 tramite,
1253 2890 1351 2976 nigra

326 3033 486 3115 perarata
496 3048 629 3120 pennae
658 3026 805 3114 vestigia
831 3028 971 3116 scripta
1002 3028 1118 3096 vestra
1145 3042 1350 3094 camcoram

325 3161 470 3232 scientia
517 3166 750 3252 praesentata,
803 3165 925 3231 contra
976 3177 1094 3229 ornnes
1140 3155 1350 3226 aemulorum

328 3294 603 3384 vituperationes,
635 3293 700 3365 Dei
711 3296 825 3384 gratia
850 3300 1033 3381 vestraque
1061 3311 1124 3380 per
1143 3286 1254 3360 omnia
1270 3306 1349 3378 pro-

327 3427 486 3500 tectionis
519 3448 651 3521 parma,
681 3436 719 3498 et
753 3427 859 3498 nihilo
893 3427 1002 3497 minus
1029 3420 1183 3514 placidae
1212 3427 1347 3493 vestrae

324 3559 599 3633 commendamus
639 3561 865 3652 perceptioni,
911 3567 950 3630 nt
993 3559 1027 3629 in
1067 3554 1223 3627 omnibus
1264 3553 1347 3625 laeti

325 3692 500 3767 laudemus
512 3716 576 3767 nos
592 3694 806 3784 liberantem,
835 3692 924 3765 donn
938 3693 1141 3764 tribuentem
1157 3687 1346 3759 Dominum.
