3368 4650
388 535 433 604 42

389 717 509 791 baldus
536 711 704 803 pergebat
729 711 800 785 illic
827 709 1173 801 aGonstautinopoli,
1202 715 1240 783 ut
1266 707 1409 812 videret,

388 845 557 938 quomodo
586 848 679 913 esset
704 840 800 914 facta
826 845 886 914 illa
912 844 1065 931 ecclesia,
1095 847 1132 913 et
1156 843 1284 913 iterum
1299 857 1410 910 reme·

388 976 519 1051 avitad
547 972 976 1063 Constantinopolim.

253 1289 256 1301 ’
386 1313 484 1382 xxx.
513 1314 702 1395 annuae,
725 1312 856 1391 caena,
878 1309 1045 1393 numum,
1058 1307 1207 1378 memus
1223 1311 1407 1381 bunuaria

730 1418 765 1484 in
787 1416 896 1484 insule
919 1415 1066 1483 Vulcani

462 1638 526 1730 Et,
555 1644 634 1729 post
662 1638 749 1709 duos
777 1657 899 1728 annos,
942 1635 1192 1724 navigaverunt
1219 1635 1300 1707 inde
1327 1658 1402 1710 cum

340 1809 345 1819 ·
382 1774 511 1846 nunciis
545 1791 656 1862 papae
691 1776 729 1844 et
754 1771 907 1844 ¹caesaris
939 1770 974 1841 in
1001 1767 1145 1840 insulam
1172 1765 1330 1860 Siciliam,
1360 1770 1404 1843 ad

381 1905 502 1977 urbem
537 1902 801 1977 Saracusam.
862 1903 913 1975 Et
949 1902 1027 1974 inde
1069 1900 1165 1972 venit
1199 1902 1243 1973 ad
1283 1902 1402 1975 urbem

382 2037 601 2130 Catanam,
631 2043 668 2111 et
696 2038 775 2111 inde
803 2039 898 2110 venit
923 2037 968 2109 ad
995 2034 1184 2125 Regiam,
1226 2033 1402 2106 civitatem

381 2172 416 2241 in
454 2167 621 2241 Calabria.
690 2171 741 2242 Et
772 2172 850 2243 inde
891 2170 1138 2258 navigaverunt
1177 2167 1223 2239 ad
1259 2166 1401 2239 insulam

381 2303 642 2374 Vulcaniam.
699 2303 750 2374 lbi
779 2308 832 2375 est
865 2301 1016 2373 iniernus
1043 2300 1257 2373 Theoderici.
1300 2296 1401 2370 Gum-

380 2456 447 2527 que
461 2435 540 2506 illuc
555 2434 739 2524 venissent,
756 2435 983 2509 ascendebant
996 2434 1039 2506 de
1054 2434 1152 2525 navi,
1171 2440 1210 2507 nt
1230 2434 1398 2515 viderent,

379 2567 485 2658 qualis
512 2573 604 2639 esset
630 2567 791 2641 infernus.
840 2568 1029 2659 Statimque
1058 2567 1273 2640 Willibaldus
1292 2567 1401 2639 curio·

378 2701 445 2772 sius
472 2700 589 2772 volens
619 2701 748 2792 videre,
778 2702 886 2794 qualis
914 2705 1005 2774 esset
1031 2701 1125 2772 intus
1152 2701 1210 2773 ille
1237 2699 1398 2788 infernus,

378 2833 511 2905 volebat
537 2834 725 2906 ascendere
754 2836 787 2905 in
816 2834 939 2906 montis
967 2854 1138 2922 cacumen,
1168 2833 1226 2905 ubi
1247 2832 1399 2905 infernus

377 2967 493 3038 subtus
520 2971 606 3053 erat,
636 2974 672 3038 et
700 2988 769 3039 non
796 2973 941 3059 poterat,
971 2966 1049 3057 quia
1070 2965 1207 3038 favillae
1236 2966 1278 3036 de
1305 2970 1398 3035 tetro
1465 2997 1469 3004 ·

376 3105 508 3169 tartum
536 3119 642 3188 usque
670 3099 714 3170 nd
740 3102 926 3190 marginem
947 3098 1170 3171 ascendentes
1187 3099 1397 3187 glomeratae

375 3230 444 3301 illic
468 3231 643 3321 jacebant,
673 3239 718 3321 et,
749 3234 792 3304 ad
819 3234 926 3305 instar
944 3231 1043 3319 ninia,
1074 3229 1210 3322 quando
1225 3229 1268 3302 de
1297 3231 1392 3303 coelo

377 3362 496 3433 nivens
537 3362 699 3436 candidas
735 3366 933 3455 nivalesque
968 3363 1133 3434 cadentes
1162 3368 1317 3435 catervas
1352 3363 1395 3436 de

378 3495 486 3567 aereis
501 3494 679 3566 aetherum
694 3498 825 3569 arcibus
838 3517 1040 3569 coacervare
1059 3496 1159 3585 solet,
1190 3498 1239 3567 ita
1260 3494 1396 3568 favillae

376 3635 596 3701 coacervatae
615 3629 649 3699 in
676 3603 774 3720 apice
802 3631 926 3702 montis
949 3630 1127 3736 jacebant,
1158 3635 1194 3701 et
1221 3649 1394 3701 ascensum

375 3760 558 3832 Willibaldi
577 3805 579 3809 -
597 3760 830 3857 prohibebant.
881 3761 950 3837 Sed
982 3769 1097 3834 tamen
1130 3767 1259 3836 tetram
1287 3767 1389 3854 atque
