3368 4650
335 485 399 554 122
489 462 493 469 ’

333 669 466 740 oblatus
491 664 605 754 inissa
634 672 673 737 ut
699 668 946 746 demonstratur
972 672 1006 742 in
1022 671 1159 762 pictura
1186 669 1353 754 etsnper·

331 799 528 887 scriptione,
560 817 647 887 quae
676 800 752 873 talis
779 810 850 876 est:

385 929 464 1003 Hic
513 927 597 1003 iuit
643 932 807 1008 oblatus
858 957 928 1008 rex
981 956 1130 1026 regum
1180 930 1350 1022 virgine

439 1068 583 1155 uatus,

385 1203 652 1289 quapropter
689 1177 853 1275 sanctus
892 1201 1008 1275 locus
1049 1209 1112 1276 est
1149 1200 1217 1276 hic
1250 1199 1351 1292 jura

439 1336 625 1410 vocatus,

383 1463 461 1537 Hic
491 1463 627 1539 Jacob
665 1466 821 1562 scolam
858 1467 984 1560 vidit,
1028 1469 1270 1544 construxit
1308 1473 1352 1541 et

438 1620 563 1672 aram.

384 1732 494 1805 Hinc
534 1715 650 1808 locus
691 1740 879 1829 ornatur,
925 1759 1004 1830 qno
1042 1742 1214 1812 sanctus
1250 1734 1348 1826 jure

439 1872 625 1939 vocatur.

414 1998 513 2089 Quod
542 2019 624 2070 vero
651 2000 774 2073 ibidem
801 2004 834 2075 in
862 2003 974 2094 lapide
1005 2002 1127 2076 eodem
1154 2000 1261 2076 Jacob
1289 1999 1348 2071 da-

330 2133 481 2225 pingitur
508 2136 612 2220 caput
637 2133 799 2224 posuisse,
828 2135 964 2224 quando
993 2134 1165 2209 dormiens
1179 2132 1263 2206 vidit
1278 2151 1349 2204 sca·

328 2265 396 2336 lam
423 2263 459 2335 in
486 2263 617 2335 coelum
639 2271 840 2357 porrectam,
869 2288 931 2358 par
958 2288 1061 2359 quam
1087 2267 1201 2357 angeli
1233 2284 1349 2336 ascen

330 2399 455 2469 derunt
490 2402 526 2467 et
561 2394 823 2489 descenderunt,
861 2399 956 2472 salva
990 2400 1110 2491 templi
1143 2396 1347 2485 reverentia,

329 2551 398 2603 non
426 2550 545 2602 verum
573 2533 642 2601 ost:
669 2530 727 2601 ubi
755 2538 792 2603 et
819 2533 875 2605 hic
904 2554 1021 2606 versus
1048 2532 1227 2623 appositus
1254 2532 1322 2601 ost:

382 2661 496 2735 Haec
535 2668 609 2734 tna
651 2663 710 2735 sit
754 2666 874 2738 terra
912 2664 1046 2738 Jacob
1090 2684 1176 2737 cum
1225 2661 1348 2752 prole

438 2783 619 2869 futuras

411 2928 480 3004 Sed
508 2927 573 3002 hoc
600 2950 665 3001 non
699 2950 742 3003 eo
768 2930 846 3002 loco
874 2929 1012 3020 accidit,
1048 2926 1110 3001 ssd
1136 2926 1238 3015 longe
1265 2925 1346 2997 alibi

329 3067 372 3138 ad
412 3062 699 3153 Mesopotamiam
742 3062 851 3152 eunti,
896 3063 1023 3135 scilicet
1056 3061 1156 3154 juxta
1184 3059 1349 3151 maj0rem

328 3194 590 3269 Mahunusriam.
680 3200 686 3205 ’

408 3327 605 3418 intemplo
631 3327 791 3400 liberavit
818 3327 984 3400 Dominus
1010 3331 1128 3398 noster
1162 3326 1349 3399 adulteram

328 3464 370 3535 ab
400 3460 642 3552 accusantibus,
672 3460 805 3535 dicens:
841 3459 910 3549 Qui
926 3459 1002 3533 εἰπε
1021 3463 1166 3551 peccato
1192 3462 1242 3530 cst
1269 3462 1347 3549 eta,

328 3596 385 3687 qni
413 3596 518 3666 etiam
545 3594 613 3666 illis
639 3579 896 3668 accuwtocibus
921 3593 1112 3667 tacentibus
1135 3597 1171 3666 et
1198 3591 1349 3664 excunti-

330 3729 393 3802 bus
420 3727 520 3799 dixit:
555 3723 703 3817 Mcdier,
731 3727 821 3801 vade
846 3726 884 3798 in
904 3746 1013 3819 poco,
1042 3726 1174 3815 etjam
1200 3721 1349 3815 amptius
