3368 4650
1296 605 1361 675 166

336 817 443 889 parva
475 794 609 887 platea,
638 795 743 887 justa
781 817 885 886 quam
923 796 957 869 iu
995 795 1139 888 quadum
1173 790 1361 869 ecelesia

335 954 489 1025 syrorum
518 931 666 1023 quiescit
705 951 839 1004 sacrum
867 930 955 1003 divi
984 929 1235 1003 charitonis
1269 946 1359 1000 mar·

334 1067 420 1159 tyria
445 1086 585 1157 eorpus,
622 1064 716 1156 quod
742 1064 788 1136 ibi
816 1085 838 1136 a
865 1065 950 1157 syris
976 1063 1146 1138 monachis
1171 1064 1208 1135 iu
1235 1080 1360 1152 magna
1508 1053 1517 1063 ’

334 1199 556 1272 veneratione
589 1195 751 1287 habeon,
794 1204 830 1269 et
863 1197 937 1270 lere
970 1197 1081 1270 adhue
1115 1197 1290 1286 integrum
1322 1194 1359 1266 iu

335 1331 479 1422 quadam
498 1328 614 1418 lignea
633 1325 796 1401 arcellula
815 1330 1040 1421 reconditum,
1062 1330 1198 1405 elevato
1216 1347 1361 1420 oooper-

335 1463 428 1553 rulo,
472 1460 665 1553 peregrinis
700 1461 958 1535 advenientibus
992 1465 1192 1536 ostenditur.
1260 1459 1357 1533 Idem

333 1601 467 1668 sanctus
497 1596 600 1682 pater
625 1591 659 1661 iu
689 1592 858 1665 coenobio
892 1616 953 1667 suo
982 1597 1085 1689 justa
1111 1595 1252 1674 flurium
1278 1591 1358 1666 Jor-

334 1727 429 1798 duuis
462 1726 545 1812 sito,
585 1742 652 1794 uua
687 1743 764 1793 cunr
796 1726 971 1799 monachis
1004 1728 1088 1815 suis,
1129 1745 1192 1817 pro
1221 1723 1356 1798 ooniea·

332 1858 429 1930 sioua
456 1855 601 1928 nominis
628 1851 756 1927 Christi
784 1875 805 1926 a
832 1860 1024 1932 sarracenis
1049 1857 1113 1929 fuit
1142 1857 1281 1930 occisus.

335 2147 381 2211 17.
421 2145 522 2212 Inous
544 2141 757 2228 lapidationis
781 2161 806 2210 s.
832 2142 998 2228 Stephani,
1026 2144 1211 2211 oarnsrinm
1244 2140 1359 2223 leonis,

419 2251 542 2332 (laba,
566 2269 655 2318 mous
678 2249 878 2327 Oileusiouis
912 2249 1081 2317 natatoria
1100 2249 1196 2330 Siloa,
1220 2265 1360 2334 quorsus

422 2357 542 2442 Rogsl,
587 2357 713 2441 oapalla
746 2374 815 2424 oum
856 2356 1027 2442 sepultura
1059 2356 1171 2423 Jaaobi
1208 2353 1358 2439 arphad.

420 2464 568 2549 pyramis
583 2464 752 2549 iosaphat,
766 2482 883 2534 nareae
899 2463 1125 2549 religiosarum
1135 2477 1359 2547 personarum,

420 2571 606 2637 mosonium
623 2571 657 2636 iu
674 2571 862 2638 summitate
878 2571 980 2640 vallis
992 2570 1160 2656 iosaphat,
1182 2568 1358 2653 sepultura

420 2676 565 2762 virginis
589 2675 721 2743 lamae.

408 2894 504 2968 Ante
523 2901 657 2987 portum
678 2892 883 2985 Jerusalem,
912 2915 999 2985 quae
1027 2895 1165 2986 respicit
1187 2894 1232 2966 ad
1258 2912 1360 2966 occa·

331 3048 422 3118 sum,
464 3049 532 3120 qua
567 3034 665 3119 parte
707 3028 852 3100 liberata
886 3027 949 3100 luit
988 3025 1068 3099 urbs
1106 3028 1170 3102 sub
1210 3026 1360 3100 secundo

332 3160 449 3250 Israel,
479 3161 594 3234 saxis
621 3161 803 3233 obrutus
830 3161 952 3234 boatus
978 3133 1216 3250 Stephanus
1236 3165 1359 3251 proto·

330 3301 462 3386 martyr
490 3294 710 3367 occubuit:
746 3293 824 3365 inde
852 3293 1034 3365 translatus
1060 3294 1094 3363 iu
1121 3291 1202 3364 Sion
1240 3295 1279 3366 et
1305 3311 1358 3365 se·

331 3427 444 3517 pultus
472 3428 564 3500 inter
590 3426 815 3499 Nicodemum
844 3433 880 3500 et
903 3425 1123 3513 Gamalielem
1151 3432 1189 3500 et
1210 3425 1357 3517 Abibon,

332 3567 451 3650 postea
479 3557 790 3653 Constantinopoli,
828 3560 872 3632 ad
909 3561 1061 3632 ultimum
1088 3559 1219 3632 Romae
1253 3559 1358 3630 beato

333 3690 523 3767 hannon
551 3694 809 3767 oontumulatus.
868 3693 967 3768 Unde
996 3700 1030 3766 et
1055 3694 1089 3765 in
1115 3693 1263 3767 tumulo:

357 3851 488 3945 Quem
509 3852 611 3927 Sion
640 3854 810 3946 occidit,
840 3853 960 3928 nobis
980 3853 1176 3928 Bisauuia
1201 3851 1329 3926 misit
