3368 4650
1282 591 1346 658 nol

281 871 284 877 ι
326 797 471 869 puerum
481 776 622 852 Jesum:
644 779 712 870 qui,
734 777 895 851 continuo
916 782 1106 871 surgentes,
1133 773 1348 848 nensierunt

326 911 371 983 od
397 911 507 986 lutere
539 913 666 986 montis
693 911 911 1005 Bethlehem,
946 910 1004 987 ubi
1036 911 1126 985 ulter
1158 910 1203 983 nb
1237 908 1347 981 ultero

325 1051 493 1118 retractu
519 1044 602 1137 fnit,
637 1053 753 1120 mutuo
785 1046 914 1138 dicens,
953 1066 1073 1119 vocem
1100 1044 1215 1135 angeli
1241 1043 1348 1135 phun·

326 1181 435 1250 tesmn
462 1177 585 1267 fuisse,
622 1187 657 1251 et
682 1179 939 1253 declinaverunt
970 1184 1157 1251 retrorsum
1190 1175 1237 1248 ud
1269 1194 1348 1264 gre·

325 1326 404 1395 gem
430 1330 541 1381 suum.
600 1308 693 1382 Tunc
719 1313 839 1401 angelo
867 1310 1017 1385 seeundo
1044 1309 1139 1382 offuit
1170 1314 1206 1382 et
1234 1305 1349 1396 coegit

326 1459 397 1529 eos,
427 1446 466 1513 ut
492 1440 585 1512 viem
611 1439 813 1532 perficerent
839 1450 1021 1536 arreptum.
1057 1444 1098 1517 In
1124 1441 1248 1516 eodem
1268 1440 1346 1512 loco

326 1575 379 1642 est
405 1570 555 1643 ecclesis
582 1591 658 1643 cum
685 1592 750 1644 uno
775 1574 885 1646 ulturi.
932 1575 1048 1666 Aliqui
1074 1580 1191 1648 entem
1218 1573 1344 1661 meunt,

325 1702 459 1775 beatam
482 1702 650 1791 virginem
669 1704 716 1775 ibi
736 1723 866 1776 errasse
887 1707 982 1778 evin
1004 1707 1137 1778 ducenti
1155 1707 1190 1777 in
1203 1706 1346 1795 Aegyp-

327 1840 413 1926 tum,
452 1832 515 1905 sed
554 1834 700 1924 primum
732 1838 840 1926 magis
879 1856 1064 1911 consonum
1097 1840 1153 1907 est
1192 1834 1343 1907 veritati.

326 1964 416 2037 Item
437 1984 459 2036 e
478 1962 684 2037 Bethlehem
711 1988 774 2058 per
799 1968 883 2042 dnus
910 1970 1023 2042 leucas
1049 1973 1167 2041 contre
1192 1971 1348 2040 austrum

327 2104 405 2172 sunt
430 2097 666 2188 sepulchre
689 2099 905 2174 duodecim
932 2093 1252 2201 prophetarum.
1287 2096 1347 2172 Se

328 2231 442 2323 quitur

405 2517 633 2603 Peregrinatio
655 2515 694 2584 de
717 2517 901 2587 Bethlehem
923 2519 965 2586 oh
986 2518 1105 2587 vellem
1127 2519 1268 2586 llebrou.

407 2759 446 2830 ln
466 2760 525 2830 vio
550 2759 642 2831 enim
661 2760 705 2832 de
726 2761 931 2834 Bethlehem
958 2762 1001 2833 sd
1029 2762 1152 2834 vellem
1180 2760 1348 2833 Hebron

329 2890 518 2965 ostenditur
540 2891 644 2980 locus,
674 2893 731 2965 ubi
759 2892 935 2964 Abruhem
962 2899 1032 2965 tres
1058 2889 1235 2989 (angelos)
1263 2889 1350 2963 vidit

328 3032 364 3096 et
390 3044 491 3100 unum
520 3022 691 3094 edorsvit.
760 3025 800 3096 ln
828 3026 983 3116 templo
1011 3024 1184 3097 Hebron
1213 3022 1350 3094 videtur

328 3156 494 3248 quaedem
522 3155 667 3228 sensura
694 3155 906 3247 foromiuoss,
936 3177 1024 3248 quse
1050 3156 1254 3245 spelunca
1283 3153 1349 3225 ‹lu-

326 3288 421 3380 pleu
449 3287 595 3374 dieitur,
633 3308 701 3377 quo
732 3290 884 3379 sepultus
918 3296 970 3362 est
996 3287 1121 3377 noem,
1160 3285 1347 3373 homnem,

328 3417 420 3492 [suno
446 3425 483 3491 et
502 3417 613 3493 Jurob
642 3424 678 3491 et
705 3441 826 3493 uxores
847 3442 976 3508 eorum,
995 3419 1120 3492 seilicet
1139 3416 1227 3506 Ere,
1246 3415 1346 3506 Zure,

328 3547 487 3622 Rebecca
514 3558 551 3623 et
578 3551 653 3622 Lis.
715 3551 792 3623 Non
819 3552 921 3640 longe
954 3551 998 3623 ub
1026 3550 1151 3641 oppido
1185 3554 1239 3620 ost
1265 3566 1349 3636 eger

329 3679 560 3770 dumosoenus,
590 3703 659 3772 quo
680 3682 792 3754 Adam
819 3703 894 3755 cnm
921 3681 998 3755 Evs
1025 3688 1077 3755 est
1105 3687 1250 3754 orestus.
1287 3675 1347 3751 Se-

328 3813 441 3904 quitur
