<?xml version="1.0" encoding="UTF-8"?>
<!DOCTYPE html PUBLIC "-//W3C//DTD XHTML 1.0 Transitional//EN"
    "http://www.w3.org/TR/xhtml1/DTD/xhtml1-transitional.dtd">
<html xmlns="http://www.w3.org/1999/xhtml" xml:lang="en" lang="en">
 <head>
  <title>
</title>
<meta http-equiv="Content-Type" content="text/html;charset=utf-8" />
  <meta name='ocr-system' content='tesseract 3.04.00' />
  <meta name='ocr-capabilities' content='ocr_page ocr_carea ocr_par ocr_line ocrx_word'/>
</head>
<body>
  <div class='ocr_page' id='page_1' title='image "./descriptioneste00toblgoog_0286.png"; bbox 0 0 3368 4650; ppageno 0'>
   <div class='ocr_carea' id='block_1_1' title="bbox 368 517 439 589">
    <p class='ocr_par' dir='ltr' id='par_1_1' title="bbox 368 517 439 589">
     <span class='ocr_line' id='line_1_1' title="bbox 368 517 439 589; baseline 0.014 -1"><span class='ocrx_word' id='word_1_1' title='bbox 368 517 439 589; x_wconf 65' lang='grc' dir='ltr'>Μ</span> 
     </span>
    </p>
   </div>
   <div class='ocr_carea' id='block_1_2' title="bbox 367 686 1394 3839">
    <p class='ocr_par' dir='ltr' id='par_1_2' title="bbox 367 686 1394 3839">
     <span class='ocr_line' id='line_1_2' title="bbox 372 686 1391 779; baseline -0.014 -5"><span class='ocrx_word' id='word_1_2' title='bbox 372 701 558 774; x_wconf 77' lang='lat' dir='ltr'><strong>Zachaeus.</strong></span> <span class='ocrx_word' id='word_1_3' title='bbox 594 692 884 767; x_wconf 79' lang='lat' dir='ltr'><strong>Descendentibos</strong></span> <span class='ocrx_word' id='word_1_4' title='bbox 909 692 952 764; x_wconf 90' lang='lat' dir='ltr'><strong>de</strong></span> <span class='ocrx_word' id='word_1_5' title='bbox 976 687 1168 763; x_wconf 71' lang='lat' dir='ltr'><strong>Jerusalem</strong></span> <span class='ocrx_word' id='word_1_6' title='bbox 1182 689 1224 767; x_wconf 86' lang='lat' dir='ltr'><strong>in</strong></span> <span class='ocrx_word' id='word_1_7' title='bbox 1241 686 1391 779; x_wconf 74' lang='lat' dir='ltr'><strong>tenebo,</strong></span> 
     </span>
     <span class='ocr_line' id='line_1_3' title="bbox 372 821 1391 924; baseline -0.007 -22"><span class='ocrx_word' id='word_1_8' title='bbox 372 829 473 924; x_wconf 87' lang='lat' dir='ltr'><strong>quasi</strong></span> <span class='ocrx_word' id='word_1_9' title='bbox 499 828 534 900; x_wconf 93' lang='lat' dir='ltr'><strong>iu</strong></span> <span class='ocrx_word' id='word_1_10' title='bbox 561 824 628 899; x_wconf 81' lang='lat' dir='ltr'><strong>tine</strong></span> <span class='ocrx_word' id='word_1_11' title='bbox 661 825 823 898; x_wconf 91' lang='lat' dir='ltr'><strong>montium</strong></span> <span class='ocrx_word' id='word_1_12' title='bbox 832 841 846 916; x_wconf 82' lang='lat'><strong>,·</strong></span> <span class='ocrx_word' id='word_1_13' title='bbox 878 829 959 896; x_wconf 89' lang='lat' dir='ltr'><strong>ante</strong></span> <span class='ocrx_word' id='word_1_14' title='bbox 991 823 1196 916; x_wconf 88' lang='lat' dir='ltr'><strong>principium</strong></span> <span class='ocrx_word' id='word_1_15' title='bbox 1227 821 1391 917; x_wconf 85' lang='lat' dir='ltr'><strong>planitiei,</strong></span> 
     </span>
     <span class='ocr_line' id='line_1_4' title="bbox 371 955 1394 1048; baseline -0.006 -10"><span class='ocrx_word' id='word_1_16' title='bbox 371 982 469 1038; x_wconf 85' lang='lat' dir='ltr'><strong>secus</strong></span> <span class='ocrx_word' id='word_1_17' title='bbox 495 959 585 1032; x_wconf 85' lang='lat' dir='ltr'><strong>viam</strong></span> <span class='ocrx_word' id='word_1_18' title='bbox 614 958 802 1032; x_wconf 76' lang='lat' dir='ltr'><strong>ostenditur</strong></span> <span class='ocrx_word' id='word_1_19' title='bbox 816 957 924 1048; x_wconf 87' lang='lat' dir='ltr'><strong>locus,</strong></span> <span class='ocrx_word' id='word_1_20' title='bbox 953 957 1013 1030; x_wconf 90' lang='lat' dir='ltr'><strong>ubi</strong></span> <span class='ocrx_word' id='word_1_21' title='bbox 1032 977 1155 1032; x_wconf 84' lang='lat' dir='ltr'><strong>coecus</strong></span> <span class='ocrx_word' id='word_1_22' title='bbox 1172 955 1314 1032; x_wconf 86' lang='lat' dir='ltr'><strong>sedebat</strong></span> <span class='ocrx_word' id='word_1_23' title='bbox 1339 977 1394 1032; x_wconf 85' lang='lat' dir='ltr'><strong>se-</strong></span> 
     </span>
     <span class='ocr_line' id='line_1_5' title="bbox 371 1087 1392 1184; baseline -0.005 -14"><span class='ocrx_word' id='word_1_24' title='bbox 371 1115 432 1170; x_wconf 84' lang='lat' dir='ltr'><strong>aus</strong></span> <span class='ocrx_word' id='word_1_25' title='bbox 458 1093 549 1166; x_wconf 86' lang='lat' dir='ltr'><strong>viam</strong></span> <span class='ocrx_word' id='word_1_26' title='bbox 575 1091 780 1184; x_wconf 84' lang='lat' dir='ltr'><strong>mendicans,</strong></span> <span class='ocrx_word' id='word_1_27' title='bbox 810 1094 848 1164; x_wconf 89' lang='lat' dir='ltr'><strong>et</strong></span> <span class='ocrx_word' id='word_1_28' title='bbox 874 1088 939 1164; x_wconf 80' lang='lat' dir='ltr'><strong>fuit</strong></span> <span class='ocrx_word' id='word_1_29' title='bbox 964 1090 1013 1164; x_wconf 93' lang='lat' dir='ltr'><strong>ibi</strong></span> <span class='ocrx_word' id='word_1_30' title='bbox 1040 1090 1198 1165; x_wconf 84' lang='lat' dir='ltr'><strong>eeclesia.</strong></span> <span class='ocrx_word' id='word_1_31' title='bbox 1249 1090 1304 1164; x_wconf 90' lang='lat' dir='ltr'><strong>De</strong></span> <span class='ocrx_word' id='word_1_32' title='bbox 1331 1087 1392 1165; x_wconf 72' lang='lat' dir='ltr'><strong>de</strong></span> 
     </span>
     <span class='ocr_line' id='line_1_6' title="bbox 371 1225 1389 1319; baseline -0.006 -16"><span class='ocrx_word' id='word_1_33' title='bbox 371 1229 467 1303; x_wconf 90' lang='lat' dir='ltr'><strong>riobo</strong></span> <span class='ocrx_word' id='word_1_34' title='bbox 501 1229 649 1319; x_wconf 87' lang='lat' dir='ltr'><strong>quatuor</strong></span> <span class='ocrx_word' id='word_1_35' title='bbox 678 1225 792 1298; x_wconf 84' lang='lat' dir='ltr'><strong>leneas</strong></span> <span class='ocrx_word' id='word_1_36' title='bbox 824 1227 947 1306; x_wconf 82' lang='lat' dir='ltr'><strong>contra</strong></span> <span class='ocrx_word' id='word_1_37' title='bbox 980 1225 1195 1300; x_wconf 81' lang='lat' dir='ltr'><strong>occidentem</strong></span> <span class='ocrx_word' id='word_1_38' title='bbox 1229 1229 1284 1299; x_wconf 90' lang='lat' dir='ltr'><strong>est</strong></span> <span class='ocrx_word' id='word_1_39' title='bbox 1323 1225 1389 1316; x_wconf 85' lang='lat' dir='ltr'><strong>via,</strong></span> 
     </span>
     <span class='ocr_line' id='line_1_7' title="bbox 372 1357 1392 1455; baseline -0.004 -20"><span class='ocrx_word' id='word_1_40' title='bbox 372 1381 460 1455; x_wconf 85' lang='lat' dir='ltr'><strong>quae</strong></span> <span class='ocrx_word' id='word_1_41' title='bbox 478 1357 618 1432; x_wconf 87' lang='lat' dir='ltr'><strong>ducitin</strong></span> <span class='ocrx_word' id='word_1_42' title='bbox 635 1357 836 1450; x_wconf 85' lang='lat' dir='ltr'><strong>Jerusalem,</strong></span> <span class='ocrx_word' id='word_1_43' title='bbox 847 1357 892 1430; x_wconf 90' lang='lat' dir='ltr'><strong>ad</strong></span> <span class='ocrx_word' id='word_1_44' title='bbox 909 1358 1078 1432; x_wconf 85' lang='lat' dir='ltr'><strong>sinistram</strong></span> <span class='ocrx_word' id='word_1_45' title='bbox 1098 1357 1227 1433; x_wconf 85' lang='lat' dir='ltr'><strong>deserti</strong></span> <span class='ocrx_word' id='word_1_46' title='bbox 1237 1358 1392 1450; x_wconf 67' lang='lat' dir='ltr'><strong>Quaen·</strong></span> 
     </span>
     <span class='ocr_line' id='line_1_8' title="bbox 372 1489 1387 1584; baseline -0.003 -18"><span class='ocrx_word' id='word_1_47' title='bbox 372 1498 484 1583; x_wconf 88' lang='lat' dir='ltr'><strong>tenae,</strong></span> <span class='ocrx_word' id='word_1_48' title='bbox 512 1489 558 1563; x_wconf 91' lang='lat' dir='ltr'><strong>ad</strong></span> <span class='ocrx_word' id='word_1_49' title='bbox 585 1511 687 1563; x_wconf 91' lang='lat' dir='ltr'><strong>unum</strong></span> <span class='ocrx_word' id='word_1_50' title='bbox 713 1492 833 1584; x_wconf 84' lang='lat' dir='ltr'><strong>casale,</strong></span> <span class='ocrx_word' id='word_1_51' title='bbox 861 1493 921 1566; x_wconf 89' lang='lat' dir='ltr'><strong>nbi</strong></span> <span class='ocrx_word' id='word_1_52' title='bbox 946 1493 1005 1567; x_wconf 91' lang='lat' dir='ltr'><strong>ille</strong></span> <span class='ocrx_word' id='word_1_53' title='bbox 1028 1492 1147 1566; x_wconf 81' lang='lat' dir='ltr'><strong>incidit</strong></span> <span class='ocrx_word' id='word_1_54' title='bbox 1169 1493 1205 1565; x_wconf 94' lang='lat' dir='ltr'><strong>in</strong></span> <span class='ocrx_word' id='word_1_55' title='bbox 1222 1492 1387 1566; x_wconf 90' lang='lat' dir='ltr'><strong>latrones.</strong></span> 
     </span>
     <span class='ocr_line' id='line_1_9' title="bbox 371 1624 1390 1701; baseline -0.003 -1"><span class='ocrx_word' id='word_1_56' title='bbox 371 1627 425 1700; x_wconf 90' lang='lat' dir='ltr'><strong>De</strong></span> <span class='ocrx_word' id='word_1_57' title='bbox 452 1624 591 1699; x_wconf 90' lang='lat' dir='ltr'><strong>Jericbo</strong></span> <span class='ocrx_word' id='word_1_58' title='bbox 619 1625 685 1698; x_wconf 86' lang='lat' dir='ltr'><strong>tria</strong></span> <span class='ocrx_word' id='word_1_59' title='bbox 711 1625 868 1699; x_wconf 90' lang='lat' dir='ltr'><strong>milliaria</strong></span> <span class='ocrx_word' id='word_1_60' title='bbox 893 1647 1013 1701; x_wconf 85' lang='lat' dir='ltr'><strong>versus</strong></span> <span class='ocrx_word' id='word_1_61' title='bbox 1039 1631 1191 1701; x_wconf 91' lang='lat' dir='ltr'><strong>austrum</strong></span> <span class='ocrx_word' id='word_1_62' title='bbox 1223 1632 1278 1700; x_wconf 90' lang='lat' dir='ltr'><strong>est</strong></span> <span class='ocrx_word' id='word_1_63' title='bbox 1310 1646 1390 1698; x_wconf 88' lang='lat' dir='ltr'><strong>mo-</strong></span> 
     </span>
     <span class='ocr_line' id='line_1_10' title="bbox 372 1757 1390 1852; baseline -0.004 -18"><span class='ocrx_word' id='word_1_64' title='bbox 372 1758 610 1834; x_wconf 86' lang='lat' dir='ltr'><strong>nasterium</strong></span> <span class='ocrx_word' id='word_1_65' title='bbox 640 1758 772 1833; x_wconf 86' lang='lat' dir='ltr'><strong>saneti</strong></span> <span class='ocrx_word' id='word_1_66' title='bbox 799 1757 1050 1852; x_wconf 87' lang='lat' dir='ltr'><strong>Hieronymi</strong></span> <span class='ocrx_word' id='word_1_67' title='bbox 1082 1760 1118 1831; x_wconf 93' lang='lat' dir='ltr'><strong>iu</strong></span> <span class='ocrx_word' id='word_1_68' title='bbox 1145 1763 1244 1832; x_wconf 84' lang='lat' dir='ltr'><strong>vasta</strong></span> <span class='ocrx_word' id='word_1_69' title='bbox 1270 1758 1390 1831; x_wconf 89' lang='lat' dir='ltr'><strong>solitu·</strong></span> 
     </span>
     <span class='ocr_line' id='line_1_11' title="bbox 371 1889 1390 1986; baseline -0.005 -19"><span class='ocrx_word' id='word_1_70' title='bbox 371 1894 470 1984; x_wconf 87' lang='lat' dir='ltr'><strong>dine,</strong></span> <span class='ocrx_word' id='word_1_71' title='bbox 505 1910 593 1984; x_wconf 88' lang='lat' dir='ltr'><strong>quae</strong></span> <span class='ocrx_word' id='word_1_72' title='bbox 620 1892 702 1964; x_wconf 90' lang='lat' dir='ltr'><strong>solis</strong></span> <span class='ocrx_word' id='word_1_73' title='bbox 729 1891 907 1966; x_wconf 89' lang='lat' dir='ltr'><strong>ardoribus</strong></span> <span class='ocrx_word' id='word_1_74' title='bbox 933 1896 1062 1986; x_wconf 89' lang='lat' dir='ltr'><strong>uritur,</strong></span> <span class='ocrx_word' id='word_1_75' title='bbox 1098 1891 1192 1985; x_wconf 88' lang='lat' dir='ltr'><strong>quod</strong></span> <span class='ocrx_word' id='word_1_76' title='bbox 1227 1891 1311 1965; x_wconf 92' lang='lat' dir='ltr'><strong>nihil</strong></span> <span class='ocrx_word' id='word_1_77' title='bbox 1342 1889 1390 1963; x_wconf 91' lang='lat' dir='ltr'><strong>ibi</strong></span> 
     </span>
     <span class='ocr_line' id='line_1_12' title="bbox 373 2023 1388 2119; baseline -0.007 -19"><span class='ocrx_word' id='word_1_78' title='bbox 373 2031 428 2100; x_wconf 88' lang='lat' dir='ltr'><strong>est</strong></span> <span class='ocrx_word' id='word_1_79' title='bbox 461 2023 654 2098; x_wconf 78' lang='lat' dir='ltr'><strong>viriditatis.</strong></span> <span class='ocrx_word' id='word_1_80' title='bbox 710 2025 842 2098; x_wconf 89' lang='lat' dir='ltr'><strong>Ibidem</strong></span> <span class='ocrx_word' id='word_1_81' title='bbox 879 2024 946 2098; x_wconf 85' lang='lat' dir='ltr'><strong>fuit</strong></span> <span class='ocrx_word' id='word_1_82' title='bbox 984 2047 1049 2119; x_wconf 84' lang='lat' dir='ltr'><strong>per</strong></span> <span class='ocrx_word' id='word_1_83' title='bbox 1090 2030 1238 2118; x_wconf 91' lang='lat' dir='ltr'><strong>quatuor</strong></span> <span class='ocrx_word' id='word_1_84' title='bbox 1275 2042 1388 2096; x_wconf 88' lang='lat' dir='ltr'><strong>annos.</strong></span> 
     </span>
     <span class='ocr_line' id='line_1_13' title="bbox 371 2153 1389 2246; baseline -0.004 -18"><span class='ocrx_word' id='word_1_85' title='bbox 371 2156 426 2230; x_wconf 90' lang='lat' dir='ltr'><strong>De</strong></span> <span class='ocrx_word' id='word_1_86' title='bbox 452 2155 593 2230; x_wconf 86' lang='lat' dir='ltr'><strong>Jericho</strong></span> <span class='ocrx_word' id='word_1_87' title='bbox 620 2162 701 2229; x_wconf 91' lang='lat' dir='ltr'><strong>sunt</strong></span> <span class='ocrx_word' id='word_1_88' title='bbox 728 2157 815 2230; x_wconf 88' lang='lat' dir='ltr'><strong>duae</strong></span> <span class='ocrx_word' id='word_1_89' title='bbox 841 2156 959 2230; x_wconf 85' lang='lat' dir='ltr'><strong>leucae</strong></span> <span class='ocrx_word' id='word_1_90' title='bbox 986 2159 1030 2229; x_wconf 88' lang='lat' dir='ltr'><strong>ad</strong></span> <span class='ocrx_word' id='word_1_91' title='bbox 1058 2155 1295 2246; x_wconf 87' lang='lat' dir='ltr'><strong>Jordanem,</strong></span> <span class='ocrx_word' id='word_1_92' title='bbox 1330 2153 1389 2226; x_wconf 91' lang='lat' dir='ltr'><strong>ubi</strong></span> 
     </span>
     <span class='ocr_line' id='line_1_14' title="bbox 370 2286 1386 2382; baseline -0.004 -22"><span class='ocrx_word' id='word_1_93' title='bbox 370 2288 564 2362; x_wconf 86' lang='lat' dir='ltr'><strong>ostenditur</strong></span> <span class='ocrx_word' id='word_1_94' title='bbox 581 2288 746 2381; x_wconf 85' lang='lat' dir='ltr'><strong>capella</strong></span> <span class='ocrx_word' id='word_1_95' title='bbox 766 2288 905 2362; x_wconf 87' lang='lat' dir='ltr'><strong>sancti</strong></span> <span class='ocrx_word' id='word_1_96' title='bbox 920 2286 1127 2363; x_wconf 87' lang='lat' dir='ltr'><strong>Jobaunis</strong></span> <span class='ocrx_word' id='word_1_97' title='bbox 1148 2289 1386 2382; x_wconf 88' lang='lat' dir='ltr'><strong>Baptistae.</strong></span> 
     </span>
     <span class='ocr_line' id='line_1_15' title="bbox 370 2417 1390 2512; baseline -0.003 -20"><span class='ocrx_word' id='word_1_98' title='bbox 370 2419 440 2493; x_wconf 87' lang='lat' dir='ltr'><strong>Par</strong></span> <span class='ocrx_word' id='word_1_99' title='bbox 465 2417 652 2494; x_wconf 86' lang='lat' dir='ltr'><strong>Jordanam</strong></span> <span class='ocrx_word' id='word_1_100' title='bbox 677 2423 825 2512; x_wconf 87' lang='lat' dir='ltr'><strong>populus</strong></span> <span class='ocrx_word' id='word_1_101' title='bbox 852 2422 957 2496; x_wconf 87' lang='lat' dir='ltr'><strong>lsrael</strong></span> <span class='ocrx_word' id='word_1_102' title='bbox 983 2423 1075 2496; x_wconf 82' lang='lat' dir='ltr'><strong>sicco</strong></span> <span class='ocrx_word' id='word_1_103' title='bbox 1103 2421 1247 2511; x_wconf 84' lang='lat' dir='ltr'><strong>vestigio</strong></span> <span class='ocrx_word' id='word_1_104' title='bbox 1274 2418 1390 2491; x_wconf 89' lang='lat' dir='ltr'><strong>ambu-</strong></span> 
     </span>
     <span class='ocr_line' id='line_1_16' title="bbox 370 2550 1386 2645; baseline -0.003 -21"><span class='ocrx_word' id='word_1_105' title='bbox 370 2552 467 2625; x_wconf 88' lang='lat' dir='ltr'><strong>lavit.</strong></span> <span class='ocrx_word' id='word_1_106' title='bbox 511 2552 550 2624; x_wconf 90' lang='lat' dir='ltr'><strong>In</strong></span> <span class='ocrx_word' id='word_1_107' title='bbox 579 2550 732 2626; x_wconf 86' lang='lat' dir='ltr'><strong>Jordane</strong></span> <span class='ocrx_word' id='word_1_108' title='bbox 757 2553 910 2627; x_wconf 86' lang='lat' dir='ltr'><strong>Naaman</strong></span> <span class='ocrx_word' id='word_1_109' title='bbox 938 2555 1093 2645; x_wconf 86' lang='lat' dir='ltr'><strong>leprosus</strong></span> <span class='ocrx_word' id='word_1_110' title='bbox 1120 2553 1298 2627; x_wconf 88' lang='lat' dir='ltr'><strong>mundatus</strong></span> <span class='ocrx_word' id='word_1_111' title='bbox 1325 2557 1386 2623; x_wconf 88' lang='lat' dir='ltr'><strong>est.</strong></span> 
     </span>
     <span class='ocr_line' id='line_1_17' title="bbox 368 2683 1389 2779; baseline -0.002 -22"><span class='ocrx_word' id='word_1_112' title='bbox 368 2685 409 2758; x_wconf 95' lang='lat' dir='ltr'><strong>In</strong></span> <span class='ocrx_word' id='word_1_113' title='bbox 440 2684 593 2760; x_wconf 87' lang='lat' dir='ltr'><strong>Jordane</strong></span> <span class='ocrx_word' id='word_1_114' title='bbox 625 2685 776 2761; x_wconf 81' lang='lat' dir='ltr'><strong>christus</strong></span> <span class='ocrx_word' id='word_1_115' title='bbox 815 2687 1007 2779; x_wconf 85' lang='lat' dir='ltr'><strong>baptizatus</strong></span> <span class='ocrx_word' id='word_1_116' title='bbox 1041 2693 1106 2761; x_wconf 88' lang='lat' dir='ltr'><strong>est.</strong></span> <span class='ocrx_word' id='word_1_117' title='bbox 1161 2685 1215 2757; x_wconf 92' lang='lat' dir='ltr'><strong>De</strong></span> <span class='ocrx_word' id='word_1_118' title='bbox 1249 2683 1389 2757; x_wconf 83' lang='lat' dir='ltr'><strong>Jeriebo</strong></span> 
     </span>
     <span class='ocr_line' id='line_1_18' title="bbox 369 2816 1389 2908; baseline -0.005 -17"><span class='ocrx_word' id='word_1_119' title='bbox 369 2818 477 2891; x_wconf 83' lang='lat' dir='ltr'><strong>tribus</strong></span> <span class='ocrx_word' id='word_1_120' title='bbox 503 2818 610 2891; x_wconf 81' lang='lat' dir='ltr'><strong>leucis</strong></span> <span class='ocrx_word' id='word_1_121' title='bbox 638 2820 710 2894; x_wconf 87' lang='lat' dir='ltr'><strong>sive</strong></span> <span class='ocrx_word' id='word_1_122' title='bbox 737 2840 798 2893; x_wconf 84' lang='lat' dir='ltr'><strong>sex</strong></span> <span class='ocrx_word' id='word_1_123' title='bbox 831 2819 989 2891; x_wconf 89' lang='lat' dir='ltr'><strong>milliaria</strong></span> <span class='ocrx_word' id='word_1_124' title='bbox 1021 2821 1146 2908; x_wconf 86' lang='lat' dir='ltr'><strong>italica,</strong></span> <span class='ocrx_word' id='word_1_125' title='bbox 1183 2817 1227 2888; x_wconf 88' lang='lat' dir='ltr'><strong>de</strong></span> <span class='ocrx_word' id='word_1_126' title='bbox 1261 2816 1389 2908; x_wconf 84' lang='lat' dir='ltr'><strong>capella</strong></span> 
     </span>
     <span class='ocr_line' id='line_1_19' title="bbox 368 2949 1390 3045; baseline -0.002 -21"><span class='ocrx_word' id='word_1_127' title='bbox 368 2951 473 3024; x_wconf 82' lang='lat' dir='ltr'><strong>saneti</strong></span> <span class='ocrx_word' id='word_1_128' title='bbox 499 2949 662 3023; x_wconf 85' lang='lat' dir='ltr'><strong>Jobaunis</strong></span> <span class='ocrx_word' id='word_1_129' title='bbox 696 2950 825 3024; x_wconf 90' lang='lat' dir='ltr'><strong>duabus</strong></span> <span class='ocrx_word' id='word_1_130' title='bbox 852 2951 957 3024; x_wconf 83' lang='lat' dir='ltr'><strong>leucis</strong></span> <span class='ocrx_word' id='word_1_131' title='bbox 992 2958 1114 3045; x_wconf 86' lang='lat' dir='ltr'><strong>contra</strong></span> <span class='ocrx_word' id='word_1_132' title='bbox 1139 2953 1307 3041; x_wconf 90' lang='lat' dir='ltr'><strong>austrum,</strong></span> <span class='ocrx_word' id='word_1_133' title='bbox 1337 2955 1390 3022; x_wconf 87' lang='lat' dir='ltr'><strong>est</strong></span> 
     </span>
     <span class='ocr_line' id='line_1_20' title="bbox 369 3081 1389 3174; baseline 0 -21"><span class='ocrx_word' id='word_1_134' title='bbox 369 3101 482 3153; x_wconf 88' lang='lat' dir='ltr'><strong>mara</strong></span> <span class='ocrx_word' id='word_1_135' title='bbox 511 3082 733 3154; x_wconf 89' lang='lat' dir='ltr'><strong>Mortuum.</strong></span> <span class='ocrx_word' id='word_1_136' title='bbox 788 3083 827 3154; x_wconf 87' lang='lat' dir='ltr'><strong>In</strong></span> <span class='ocrx_word' id='word_1_137' title='bbox 854 3082 955 3174; x_wconf 90' lang='lat' dir='ltr'><strong>hujus</strong></span> <span class='ocrx_word' id='word_1_138' title='bbox 982 3084 1104 3155; x_wconf 87' lang='lat' dir='ltr'><strong>littore</strong></span> <span class='ocrx_word' id='word_1_139' title='bbox 1133 3081 1292 3153; x_wconf 81' lang='lat' dir='ltr'><strong>orientali</strong></span> <span class='ocrx_word' id='word_1_140' title='bbox 1324 3081 1389 3154; x_wconf 91' lang='lat' dir='ltr'><strong>sita</strong></span> 
     </span>
     <span class='ocr_line' id='line_1_21' title="bbox 371 3210 1386 3306; baseline 0.002 -22"><span class='ocrx_word' id='word_1_141' title='bbox 371 3217 425 3284; x_wconf 86' lang='lat' dir='ltr'><strong>est</strong></span> <span class='ocrx_word' id='word_1_142' title='bbox 450 3210 562 3304; x_wconf 83' lang='lat' dir='ltr'><strong>Sagor</strong></span> <span class='ocrx_word' id='word_1_143' title='bbox 587 3214 622 3284; x_wconf 94' lang='lat' dir='ltr'><strong>iu</strong></span> <span class='ocrx_word' id='word_1_144' title='bbox 649 3218 750 3306; x_wconf 88' lang='lat' dir='ltr'><strong>parte</strong></span> <span class='ocrx_word' id='word_1_145' title='bbox 777 3214 945 3306; x_wconf 88' lang='lat' dir='ltr'><strong>Arabiae,</strong></span> <span class='ocrx_word' id='word_1_146' title='bbox 979 3216 1038 3288; x_wconf 91' lang='lat' dir='ltr'><strong>ubi</strong></span> <span class='ocrx_word' id='word_1_147' title='bbox 1065 3219 1118 3287; x_wconf 87' lang='lat' dir='ltr'><strong>est</strong></span> <span class='ocrx_word' id='word_1_148' title='bbox 1143 3218 1261 3287; x_wconf 90' lang='lat' dir='ltr'><strong>statua</strong></span> <span class='ocrx_word' id='word_1_149' title='bbox 1296 3214 1386 3304; x_wconf 91' lang='lat' dir='ltr'><strong>salis,</strong></span> 
     </span>
     <span class='ocr_line' id='line_1_22' title="bbox 368 3343 1387 3439; baseline 0.004 -25"><span class='ocrx_word' id='word_1_150' title='bbox 368 3343 404 3415; x_wconf 95' lang='lat' dir='ltr'><strong>in</strong></span> <span class='ocrx_word' id='word_1_151' title='bbox 431 3363 532 3435; x_wconf 91' lang='lat' dir='ltr'><strong>quam</strong></span> <span class='ocrx_word' id='word_1_152' title='bbox 559 3365 659 3418; x_wconf 87' lang='lat' dir='ltr'><strong>versa</strong></span> <span class='ocrx_word' id='word_1_153' title='bbox 686 3351 739 3419; x_wconf 89' lang='lat' dir='ltr'><strong>est</strong></span> <span class='ocrx_word' id='word_1_154' title='bbox 763 3367 848 3418; x_wconf 88' lang='lat' dir='ltr'><strong>uxor</strong></span> <span class='ocrx_word' id='word_1_155' title='bbox 874 3347 980 3438; x_wconf 84' lang='lat' dir='ltr'><strong>Loth,</strong></span> <span class='ocrx_word' id='word_1_156' title='bbox 1008 3347 1053 3421; x_wconf 89' lang='lat' dir='ltr'><strong>ad</strong></span> <span class='ocrx_word' id='word_1_157' title='bbox 1082 3368 1185 3439; x_wconf 87' lang='lat' dir='ltr'><strong>quam</strong></span> <span class='ocrx_word' id='word_1_158' title='bbox 1207 3345 1387 3419; x_wconf 88' lang='lat' dir='ltr'><strong>videndam</strong></span> 
     </span>
     <span class='ocr_line' id='line_1_23' title="bbox 368 3475 1386 3574; baseline 0.002 -27"><span class='ocrx_word' id='word_1_159' title='bbox 368 3475 578 3568; x_wconf 85' lang='lat' dir='ltr'><strong>periculosus</strong></span> <span class='ocrx_word' id='word_1_160' title='bbox 605 3483 660 3551; x_wconf 87' lang='lat' dir='ltr'><strong>est</strong></span> <span class='ocrx_word' id='word_1_161' title='bbox 685 3498 841 3551; x_wconf 80' lang='lat' dir='ltr'><strong>aedessas</strong></span> <span class='ocrx_word' id='word_1_162' title='bbox 867 3486 1012 3574; x_wconf 84' lang='lat' dir='ltr'><strong>propter</strong></span> <span class='ocrx_word' id='word_1_163' title='bbox 1038 3479 1239 3554; x_wconf 85' lang='lat' dir='ltr'><strong>madianitas</strong></span> <span class='ocrx_word' id='word_1_164' title='bbox 1263 3478 1386 3551; x_wconf 89' lang='lat' dir='ltr'><strong>ibidem</strong></span> 
     </span>
     <span class='ocr_line' id='line_1_24' title="bbox 368 3610 1386 3707; baseline 0.001 -28"><span class='ocrx_word' id='word_1_165' title='bbox 368 3613 626 3682; x_wconf 84' lang='lat' dir='ltr'><strong>commorantes.</strong></span> <span class='ocrx_word' id='word_1_166' title='bbox 690 3610 779 3683; x_wconf 88' lang='lat' dir='ltr'><strong>iilud</strong></span> <span class='ocrx_word' id='word_1_167' title='bbox 812 3631 906 3685; x_wconf 90' lang='lat' dir='ltr'><strong>mare</strong></span> <span class='ocrx_word' id='word_1_168' title='bbox 948 3614 1153 3707; x_wconf 86' lang='lat' dir='ltr'><strong>quandoque</strong></span> <span class='ocrx_word' id='word_1_169' title='bbox 1193 3611 1314 3685; x_wconf 83' lang='lat' dir='ltr'><strong>arescit</strong></span> <span class='ocrx_word' id='word_1_170' title='bbox 1352 3612 1386 3681; x_wconf 94' lang='lat' dir='ltr'><strong>in</strong></span> 
     </span>
     <span class='ocr_line' id='line_1_25' title="bbox 367 3742 1385 3839; baseline 0.007 -30"><span class='ocrx_word' id='word_1_171' title='bbox 367 3742 497 3810; x_wconf 86' lang='lat' dir='ltr'><strong>tanturn</strong></span> <span class='ocrx_word' id='word_1_172' title='bbox 524 3760 566 3811; x_wconf 88' lang='lat' dir='ltr'><strong>ex</strong></span> <span class='ocrx_word' id='word_1_173' title='bbox 597 3743 851 3834; x_wconf 80' lang='lat' dir='ltr'><strong>tumefactioue,</strong></span> <span class='ocrx_word' id='word_1_174' title='bbox 890 3747 981 3837; x_wconf 91' lang='lat' dir='ltr'><strong>quod</strong></span> <span class='ocrx_word' id='word_1_175' title='bbox 1010 3746 1122 3839; x_wconf 83' lang='lat' dir='ltr'><strong>operit</strong></span> <span class='ocrx_word' id='word_1_176' title='bbox 1150 3750 1257 3817; x_wconf 90' lang='lat' dir='ltr'><strong>totam</strong></span> <span class='ocrx_word' id='word_1_177' title='bbox 1294 3743 1385 3816; x_wconf 88' lang='lat' dir='ltr'><strong>illam</strong></span> 
     </span>
    </p>
   </div>
   <div class='ocr_carea' id='block_1_3' title="bbox 0 0 1688 4650">
    <p class='ocr_par' dir='ltr' id='par_1_3' title="bbox 0 0 1688 4650">
     <span class='ocr_line' id='line_1_26' title="bbox 0 0 1688 4650; baseline 0 2"><span class='ocrx_word' id='word_1_178' title='bbox 0 0 1688 4650; x_wconf 95' lang='lat' dir='ltr'><strong> </strong></span> 
     </span>
    </p>
   </div>
  </div>
 </body>
</html>
