3368 4650
1288 606 1350 675 tut

328 792 478 867 thaeum.
516 789 619 867 Seth
636 789 800 890 (Sethim)
829 792 891 868 sub
915 792 1131 887 (th-quadro
1159 789 1293 864 locatur
1320 787 1355 861 in

328 926 427 1002 colle.

378 1063 436 1136 Ab
465 1082 508 1135 ea
534 1061 653 1154 incipit
678 1066 802 1137 terra
834 1064 1182 1158 philistinorum.
1220 1061 1260 1134 In
1294 1081 1354 1134 eo

326 1195 404 1268 dem
428 1195 518 1268 colle
547 1193 751 1269 christianus
780 1219 842 1272 rex
866 1197 1195 1289 Hierosolymorum,
1217 1193 1354 1267 nomine

326 1326 452 1418 Falco,
513 1326 711 1400 aedificavit
759 1332 967 1421 praesidium
1007 1329 1167 1404 lbelim
1227 1327 1355 1400 dictum

325 1464 449 1531 contra
475 1458 679 1532 insolentias
713 1463 985 1537 ascalonitarum.
1042 1461 1265 1537 Ascalona
1291 1460 1357 1535 init

326 1590 448 1663 civitas
474 1591 724 1682 philistinorum
750 1616 859 1688 prope
886 1619 980 1672 mare
1007 1598 1084 1687 sita,
1119 1595 1267 1670 formam
1294 1595 1356 1668 ha·

326 1724 411 1795 bens
436 1721 657 1812 semicirculi,
694 1729 814 1797 otest
842 1733 938 1818 quasi
971 1735 1079 1802 totum
1112 1730 1220 1803 robur
1246 1749 1356 1803 sarra·

326 1875 490 1929 cenorum
518 1855 552 1926 in
580 1861 675 1928 terra
701 1855 769 1928 illa.
823 1857 893 1932 Sub
920 1861 1051 1952 quadro
1080 1863 1143 1931 22.
1173 1861 1208 1931 in
1237 1861 1356 1934 littore

326 1987 430 2062 maris
457 1992 514 2061 est
537 1987 701 2078 Ackon,
740 1990 821 2063 olim
848 1993 966 2066 civitas
991 1992 1189 2085 philistaea,
1218 1991 1357 2064 Ptole·

325 2121 463 2197 maida
491 2120 591 2192 dicta.
650 2120 721 2194 Sub
749 2124 880 2214 quadro
910 2129 972 2198 40.
1002 2132 1040 2198 et
1070 2129 1132 2198 28.
1162 2126 1274 2218 spatio
1302 2130 1356 2198 est

329 2255 479 2333 &amca
497 2266 609 2338 (Η
642 2255 813 2329 maritima
851 2255 1076 2347 (Caesarea
1110 2259 1354 2351 maritima),

327 2413 429 2486 qnam
464 2388 624 2462 Herodes
664 2389 865 2462 Ascalonita
907 2391 950 2464 ad
995 2391 1163 2466 honorem
1205 2394 1355 2484 Augusti

326 2523 517 2617 ampliavit,
546 2530 584 2595 et
602 2522 667 2594 luit
687 2523 888 2614 metropolis
906 2523 1121 2598 Palaestinae
1148 2528 1351 2600 maritimae.

325 2660 378 2734 De
407 2659 486 2750 ipsa
512 2654 683 2748 Josephus
710 2657 818 2729 multu
845 2658 988 2750 scripsit.
1025 2658 1157 2732 Versus
1185 2661 1354 2733 orientem

325 2793 433 2866 habet
459 2789 621 2884 paludem
649 2790 751 2862 latam
779 2797 815 2862 et
842 2789 1046 2880 profundam
1073 2800 1111 2865 et
1138 2791 1289 2885 dulcem,
1317 2791 1352 2863 iu

327 2947 397 3020 qna
422 2925 522 2998 multi
555 2930 632 2996 sunt
658 2922 848 2995 kocodrilli.
912 2924 992 3014 lpsa
1018 2945 1103 2996 vero
1135 2927 1276 3016 penitus
1301 2928 1355 2996 est

326 3061 513 3133 destructa.
570 3056 692 3129 Petrus
719 3056 892 3148 apostolus
919 3056 952 3128 iu
979 3076 1022 3130 ea
1048 3057 1243 3149 baptizarit
1270 3053 1354 3128 Gor·

328 3194 474 3282 nelium;
504 3191 632 3264 Paulus
655 3191 688 3261 in
710 3210 752 3262 ea
778 3189 882 3279 longo
909 3195 1063 3281 ternpore
1082 3189 1244 3264 detentus
1271 3190 1353 3281 (cst)

328 3329 539 3414 incarcere,
576 3324 655 3396 dnm
688 3322 830 3394 Romam
865 3329 1035 3413 pergeret
1094 3320 1353 3396 Incommodum

329 3463 465 3551 portum
493 3457 612 3545 habet3
647 3454 822 3528 hortorum
856 3462 971 3529 autem
1007 3461 1042 3528 et
1075 3475 1284 3548 pascuorum
1314 3459 1353 3527 at

330 3610 496 3684 aquarum
524 3588 697 3662 fluentium
717 3588 821 3662 habet
836 3590 1016 3681 plurimam
1035 3588 1231 3662 ubertatem
1246 3606 1354 3679 nuqua

330 3725 373 3798 ad
401 3722 559 3816 Lyddam
586 3727 624 3796 et
651 3742 770 3795 rorans
798 3728 927 3796 terram
955 3722 1130 3797 Saronam.
1173 3718 1354 3812 Lyddam

329 3857 464 3951 signavi
496 3876 572 3932 mm
604 3874 689 3930 meu
720 3854 915 3951 testudinis,
943 3856 1002 3950 qni
1027 3851 1265 3945 ihi'videtur,
1296 3848 1355 3926 uhi
