3368 4650
347 527 413 594 aba

342 705 481 778 viduam
516 711 741 796 sareptanam.
804 707 939 780 Deinde
977 725 1045 775 nou
1078 705 1180 793 longe
1217 710 1273 777 est
1306 724 1364 777 ca·

340 835 442 926 pella,
471 835 530 908 ubi
557 834 661 906 lilium
690 838 763 928 ejus
789 839 1019 910 resuscitavit.
1058 834 1112 908 De
1140 833 1289 924 Sarepta
1316 836 1362 910 ad

201 963 204 970 '
322 967 425 1038 duas
456 966 575 1039 leucas
609 973 661 1040 est
687 967 832 1057 Sidon,
868 970 988 1043 ciuitas
1022 966 1192 1060 qnondam
1226 989 1358 1062 magna,

339 1099 438 1191 cujus
465 1099 733 1190 magnitudinem
750 1102 869 1174 ruinae
897 1124 1070 1176 murorum
1092 1100 1251 1175 indicant.
1289 1100 1360 1176 Est

338 1232 412 1304 lere
432 1237 508 1304 tota
535 1232 571 1303 in
591 1232 692 1305 corde
719 1236 821 1308 maris
848 1235 925 1328 sita,
955 1236 1083 1310 babens
1109 1233 1269 1307 hincinde
1291 1234 1359 1308 duo

339 1363 493 1453 omullo,
531 1385 633 1436 unum
667 1365 700 1438 in
728 1367 813 1441 colle
849 1377 971 1443 contra
998 1390 1170 1462 campum,
1205 1367 1300 1440 aliud
1326 1369 1394 1473 in⁸

337 1517 422 1587 rupe
449 1497 564 1588 maris,
594 1496 684 1588 quod
704 1501 876 1590 quondam
903 1503 1172 1577 aedificaverunt
1204 1502 1363 1574 teutonici

337 1629 524 1724 peregrini.
588 1630 643 1704 Ab
670 1631 735 1706 hac
762 1635 898 1710 civitate
928 1638 1056 1731 (distat)
1082 1635 1364 1708 Antilibanus

341 1782 404 1855 per
424 1763 569 1836 alteram
586 1765 757 1839 dimidiam
771 1767 914 1863 leucam,
943 1771 1000 1844 ubi
1022 1769 1101 1840 vina
1121 1767 1364 1840 delicatissima

336 1903 515 1987 crescunt,
553 1897 596 1970 de
630 1921 698 1991 quo
735 1906 769 1973 et
801 1903 991 1992 propheta:
1024 1897 1235 1971 Mercuriale
1267 1903 1363 1969 tunm

337 2033 376 2098 nt
401 2029 522 2100 einum
550 2028 690 2104 Mani.
736 2033 837 2107 Ultra
863 2034 1032 2123 Sidonem,
1060 2038 1140 2103 ante
1168 2030 1265 2121 cujus
1282 2048 1362 2121 por·

337 2165 417 2253 tauq
446 2162 615 2238 Dominus
643 2169 776 2240 sanavit
802 2169 904 2240 filiam
934 2165 1161 2237 chananaeae.

416 2295 450 2364 A
484 2294 611 2370 Sidone
652 2320 716 2390 per
749 2298 869 2388 viginti
906 2296 1062 2368 milliaria
1098 2296 1218 2368 italica
1258 2300 1360 2367 extra

335 2427 479 2500 Terram
493 2428 652 2502 Sanctam
671 2452 790 2504 versus
804 2430 994 2522 aquilonem
1018 2435 1072 2502 est
1099 2426 1282 2517 Baruth,
1312 2428 1360 2500 ci·

335 2562 424 2635 vitas
455 2564 626 2654 xantiqua,
668 2564 919 2638 abhorrendum
964 2564 1090 2638 babens
1127 2568 1280 2653 portum,
1325 2561 1359 2632 in

334 2714 401 2784 quo
435 2697 636 2784 pernoctavi
670 2719 738 2769 non
772 2699 844 2769 sine
879 2699 1000 2769 timore
1033 2697 1067 2766 in
1099 2695 1217 2784 vigilia
1250 2694 1358 2766 sancti

321 2827 485 2900 ·Tb0mae
506 2831 653 2921 apostoli
666 2899 668 2904 ,
681 2832 792 2901 1422.
837 2831 877 2901 In
897 2829 1042 2920 quodam
1062 2826 1259 2899 habitaculo
1279 2826 1357 2899 sub·

332 2967 494 3034 terraneo
522 2964 625 3056 hujus
646 2963 789 3035 civitatis
818 2963 1010 3036 ostenditur
1026 2961 1138 3050 imago
1163 2959 1353 3049 salvatoris,

331 3113 398 3163 non
431 3097 578 3167 multum
612 3103 690 3187 post
726 3096 917 3187 passionem
953 3097 1026 3188 ojus
1059 3093 1103 3165 ad
1137 3092 1355 3182 ignominiam

329 3228 433 3321 ipsius
468 3228 648 3302 ridiculose
682 3229 821 3321 depicta
861 3239 898 3300 et
932 3228 974 3298 ab
1008 3226 1200 3299 infidelibus
1237 3226 1353 3298 detur·

329 3371 411 3454 pata
453 3368 491 3434 et
531 3383 709 3453 percussa,
752 3364 799 3434 ita
839 3369 879 3432 ut
920 3359 1114 3449 sanguinem
1159 3367 1194 3432 et
1231 3379 1352 3449 aquam

319 3497 528 3587 emittebat,
572 3496 660 3569 unde
699 3494 835 3588 quidam
871 3493 1026 3565 conversi
1060 3501 1157 3581 sunt,
1203 3499 1242 3565 ct
1276 3499 1352 3564 erat

328 3632 441 3720 imago
469 3630 594 3704 sedens
620 3651 696 3702 cum
713 3627 925 3700 delusoribus
954 3628 1213 3718 circumquaque
1242 3625 1349 3714 pictis,

329 3769 502 3861 tamquam
537 3765 574 3840 iu
608 3764 709 3840 domo
742 3761 859 3858 Pilati,
899 3784 974 3840 cum
1011 3769 1085 3837 erat
1117 3757 1220 3855 spinis
1236 3783 1240 3826 2
1255 3777 1351 3847 coro-

881 4378 1083 4602 fl
