3368 4650
341 500 405 570 188

335 683 489 758 maxima.
525 681 583 754 Ad
609 681 820 775 praedictam
849 653 1030 755 caremam
1044 677 1211 752 Dominus
1227 686 1353 773 noster,

335 836 476 889 noscens
508 834 583 887 cum
615 813 727 888 turbis
757 812 883 888 dudam
921 811 1211 906 appropinquare,
1244 810 1354 886 Judas

335 950 436 1042 euim,
464 946 538 1021 aliis
563 946 735 1041 disdpulis
760 951 839 1040 post
866 964 1007 1019 coenam
1034 964 1108 1018 cum
1126 943 1270 1020 Domino
1296 967 1354 1022 re-

334 1080 560 1171 manentibus,
592 1080 685 1154 solus
716 1079 799 1153 abiit
832 1077 876 1152 ad
897 1078 1061 1173 judaeos,
1097 1085 1246 1154 tractans
1272 1100 1349 1154 cum

334 1216 384 1288 eis
418 1215 461 1289 de
502 1214 688 1288 traditione
723 1213 878 1303 Domini,
921 1214 1114 1287 mercedem
1152 1215 1349 1310 proditionis

334 1347 473 1439 triginta
497 1350 672 1440 argenteis
698 1349 742 1422 ab
769 1347 819 1421 eis
845 1346 1022 1440 recipiens,
1052 1368 1128 1422 cum
1154 1349 1254 1431 turba
1274 1351 1349 1445 jam

334 1481 630 1577 appropinquavit:
660 1483 742 1572 hoc,
778 1483 925 1573 inquam,
959 1482 1068 1556 sciens
1094 1480 1204 1574 deses,
1232 1485 1266 1557 in
1294 1504 1352 1557 ea·

334 1616 412 1691 dem
440 1637 586 1693 caverna
612 1615 700 1690 dixit
726 1616 896 1710 discipulis
921 1618 1009 1691 suis:
1037 1611 1185 1708 Sumite,
1213 1637 1353 1705 comum

336 1772 411 1825 ecce
437 1751 730 1845 appropinquarit
747 1756 816 1825 etc.
861 1749 916 1824 Sic
936 1770 1094 1841 egressus
1112 1747 1350 1840 Gethscmane,

334 1904 399 1975 per
425 1884 573 1959 osculum
598 1882 712 1959 Judae
739 1885 905 1976 cognitus,
935 1904 957 1955 a
984 1882 1130 1982 cohorte
1157 1885 1351 1958 tranmuissa

169 2011 176 2022 '
276 2026 279 2034 “
333 2022 387 2091 est
414 2016 581 2109 detentus,
609 2018 744 2093 vinctus
769 2024 807 2092 et
835 2015 1011 2090 deductus.
1056 2014 1296 2088 Verumtamen
1314 2015 1349 2087 in

331 2149 486 2241 praefata
512 2169 660 2234 caverna
687 2151 913 2225 ostenduntur
947 2151 1095 2241 quinque
1127 2147 1349 2222 foraminain

336 2302 401 2353 ono
428 2281 550 2374 lapide,
578 2289 761 2377 tamquam<
778 2283 925 2374 quinque
941 2280 1056 2372 digitis
1078 2301 1195 2353 manns
1211 2277 1347 2351 Domini

330 2414 508 2504 impressa:
547 2415 700 2507 Domini,
730 2415 826 2505 dico,
858 2414 933 2508 jam
960 2413 1054 2508 capti
1086 2420 1121 2486 et
1146 2432 1169 2484 a
1191 2430 1348 2505 persecu-

329 2545 461 2620 toribus
478 2548 645 2621 violenter
662 2547 775 2639 uam,
805 2546 909 2618 veluti
927 2567 1003 2620 sese
1020 2544 1208 2618 retinentis.
1242 2542 1346 2634 Quid·

332 2680 412 2772 quid
439 2686 553 2753 autem
581 2683 623 2753 de
651 2683 718 2754 hoc
747 2681 803 2771 sit,
832 2700 894 2752 nos
926 2680 1045 2772 procul
1079 2678 1178 2750 dubio
1212 2677 1348 2766 scimus,

330 2834 407 2887 eum
447 2814 585 2906 majoris
624 2814 809 2905 potestatis
850 2819 887 2886 ct
915 2812 1053 2885 virtutis
1086 2785 1257 2900 'ampliora
1281 2827 1343 2899 po

329 2947 434 3020 tuisse
460 2946 586 3021 facere.

331 3156 360 3222 o.
396 3114 597 3224 remonon
619 3153 735 3232 noan,
758 3151 860 3219 turns
878 3152 993 3228 nsvin,
1017 3148 1202 3228 ammom,
1224 3149 1258 3215 n
1282 3163 1345 3232 quo

292 3279 298 3286 ·
380 3246 631 3322 coenaverunt,
662 3241 750 3326 gelli
778 3244 894 3308 cantus
926 3236 1345 3317 circumducendum

395 3349 597 3417 graecorum,
630 3331 755 3416 capella
787 3329 1037 3413 flagellationis,
1073 3327 1143 3407 via,
1181 3343 1244 3412 qua
1279 3325 1345 3393 ivit

396 3421 544 3490 onrnms
567 3421 609 3489 ud
631 3417 827 3490 calvariam.

409 3612 565 3686 Traditus
597 3621 668 3704 est,
692 3619 752 3716 ⁷nt
785 3604 943 3699 diximus,
983 3607 1149 3680 Dominus
1179 3612 1296 3679 noster
1322 3625 1344 3676 a

329 3747 492 3841 discipulo
524 3767 602 3838 suo,
633 3752 753 3842 captus
787 3750 822 3818 et
848 3743 972 3835 ligatus
1006 3762 1027 3813 a
1059 3740 1166 3814 milite
1192 3735 1341 3829 romano,
