3368 4650
343 484 409 554 188

338 664 466 738 montis
489 671 555 758 est,
582 666 618 737 in
645 686 715 756 quo
740 665 941 738 Dominus
968 665 1279 737 sermocinatus
1306 671 1357 736 est

338 797 384 870 ad
412 799 537 890 turbas,
567 807 604 872 et
628 799 787 873 instruxit
812 797 984 889 apostolos
1010 815 1101 885 suos,
1136 797 1261 870 docens
1286 817 1356 886 cos,

337 933 375 1005 iu
403 954 470 1024 quo
498 941 535 1007 et
560 935 731 1026 leprosum
758 931 899 1005 curavit.
956 928 1120 1002 blilliario
1146 951 1168 1003 u
1194 930 1356 1004 descensu
1402 975 1408 989 ,

337 1066 399 1138 illo
427 1072 479 1140 est
503 1068 615 1156 locus,
651 1068 685 1138 iu
714 1085 781 1156 quo
807 1064 903 1155 pavit
930 1064 1082 1154 quinque
1115 1063 1218 1134 millia
1250 1061 1357 1136 bomi-

336 1222 419 1272 num
447 1223 489 1273 ex
507 1202 653 1292 quinque
681 1198 823 1289 panibus
849 1203 885 1268 et
905 1196 1039 1269 duobus
1067 1196 1222 1285 piscibus.
1259 1194 1355 1272 Unde

248 1373 251 1380 -
335 1331 435 1403 locus
462 1332 520 1403 ille
549 1331 695 1404 Mensa
721 1337 878 1420 vocatur,
906 1331 1002 1422 quasi
1029 1330 1124 1403 locus
1149 1331 1355 1424 refectionis,

336 1463 392 1534 cui
419 1463 515 1535 locus
541 1465 697 1556 subjacet
729 1464 804 1554 ille,
838 1465 872 1535 in
905 1485 974 1556 quo
1001 1462 1157 1539 Christus
1193 1473 1271 1558 post
1301 1486 1357 1538 re-
1399 1563 1401 1568 Ι

334 1598 580 1671 surrectionem
608 1619 701 1672 suam
732 1599 902 1689 discipulis
935 1599 1004 1671 suis
1032 1601 1205 1691 apparuit,
1245 1621 1356 1672 come-

339 1730 425 1803 dens
452 1752 526 1804 cum
555 1735 604 1806 eis
630 1740 762 1826 purtem
789 1732 891 1825 piscis
918 1733 984 1805 assi
1009 1751 1115 1822 supra
1132 1754 1237 1824 mare,
1267 1733 1356 1823 quod

338 1865 429 1937 idem
450 1864 616 1940 Dominus
642 1869 730 1940 sicco
757 1867 846 1958 pede
873 1866 1133 1957 perambulavit,
1163 1887 1238 1938 cum
1266 1867 1357 1937 circa

335 2004 494 2088 quartam
522 2001 634 2073 noctis
663 2000 811 2089 vigiliam
839 1999 945 2072 Petro
973 2006 1010 2072 et
1034 1999 1196 2071 Andreae
1223 1998 1355 2087 piscan-

334 2131 424 2204 tibus
451 2133 628 2222 apparuit,
665 2133 722 2205 ubi
750 2136 787 2203 et
814 2131 921 2205 Petro
948 2152 1055 2223 supra
1080 2152 1174 2203 mare
1207 2129 1250 2200 ad
1278 2149 1355 2200 eum

265 2286 268 2291 “
335 2264 388 2334 ire
408 2262 538 2353 volenti
565 2269 601 2335 et
626 2264 795 2351 mergenti
822 2263 1054 2335 aitGhristus:
1082 2259 1354 2347 Modieoefidei,

334 2414 446 2485 quare
479 2392 672 2466 dubitasti?
711 2394 768 2465 ubi
806 2399 843 2465 et
875 2395 944 2466 alia
980 2394 1054 2467 vice
1087 2395 1155 2468 suis
1188 2392 1356 2484 discipulis

335 2526 622 2617 periclitantibus,
653 2527 864 2617 sperantibus
891 2547 985 2598 mare
1014 2528 1168 2619 quietum
1194 2525 1352 2597 reddidit.

335 2659 376 2730 In
404 2660 541 2732 sinistro
570 2661 686 2749 capite
713 2658 829 2746 maris,
865 2660 988 2731 montis
1015 2660 1050 2730 in
1080 2679 1245 2748 concavo,
1280 2657 1356 2732 Ge-

330 2793 561 2882 nezareth,
590 2792 684 2864 locus
711 2811 828 2862 auram
855 2811 1034 2881 generans,
1065 2793 1157 2881 quod
1180 2793 1289 2863 adhuc
1311 2793 1354 2865 ab

330 2924 399 2997 illis
426 2926 667 3014 praesentibus
694 2923 849 2996 sentitur.

415 3056 568 3130 Secundo
592 3057 751 3135 milliario
770 3077 791 3127 a
810 3053 1029 3128 Genezareth
1061 3057 1221 3150 oppidum
1242 3055 1351 3146 Mag-

330 3189 488 3279 dalum,
523 3210 639 3279 aquo
674 3187 787 3261 Maria
820 3187 1035 3278 Magdoleua.
1107 3189 1203 3264 Haec
1237 3196 1351 3262 autem

330 3322 430 3412 regio
465 3327 607 3399 vocatur
641 3319 797 3394 Galilaea
836 3322 1005 3412 gentium,
1058 3329 1094 3394 et
1131 3326 1196 3396 sita
1235 3329 1286 3396 est
1317 3323 1351 3394 in

329 3455 425 3528 tribu
452 3455 605 3527 Zabulon
627 3461 663 3527 et
682 3454 886 3546 Naphtalim.
943 3457 982 3528 Iu
997 3457 1232 3545 superioribus
1250 3456 1352 3547 hujus

329 3587 505 3661 Galilaeae
526 3587 645 3676 viginti
673 3588 770 3662 tuere
798 3588 967 3678 civitates,
994 3609 1081 3679 quas
1106 3610 1167 3661 rex
1194 3589 1349 3661 Salomon

224 3826 229 3833 ι
328 3720 467 3808 Hiram,
502 3721 577 3811 regi
611 3720 709 3814 Tyri,
744 3720 850 3794 amieo
883 3742 961 3812 suo,
1000 3722 1091 3794 dono
1119 3721 1225 3793 dedit.
1287 3717 1349 3792 Se·
