3368 4650
328 501 395 567 238

327 678 443 770 magni
470 696 593 766 passus
621 675 666 749 ad
684 674 827 766 primum
846 672 996 765 gradum
1024 669 1194 744 acclesiae
1219 668 1345 742 montis

328 808 469 895 Oliveti,
498 826 638 898 quorum
664 807 786 896 viginti
812 815 902 880 sunt.
938 802 1016 877 Hoc
1034 801 1162 889 addidi,
1183 803 1224 872 ut
1243 799 1346 872 mam

327 938 540 1012 altitudinem
566 937 744 1041 praedicti.
786 938 915 1011 Ibidem
943 937 978 1008 in
1004 935 1094 1025 pede
1122 933 1245 1006 montis
1272 928 1344 1006 Oli-

328 1072 398 1146 vati
425 1070 487 1144 sub
513 1071 653 1162 rupibus
679 1070 835 1143 habitant
861 1069 973 1143 coloni
1002 1077 1039 1142 et
1064 1062 1231 1161 pastores.

409 1202 542 1277 Deinde
561 1173 777 1277 descenditur
802 1203 845 1274 ad
873 1200 1016 1276 fundum
1043 1201 1208 1274 torrentis
1234 1200 1345 1274 eundo

328 1359 447 1412 versus
473 1343 625 1408 austrum
652 1335 828 1427 usquead
856 1335 1042 1427 fontem,
1077 1358 1119 1410 ex
1147 1357 1215 1428 quo
1247 1336 1347 1409 beata

327 1471 449 1560 virgo
476 1467 630 1562 Maria,
659 1475 699 1540 ut
719 1471 894 1560 asseritur,
915 1470 1077 1543 abluebat
1100 1477 1137 1542 et
1159 1468 1342 1543 fasciculas

327 1602 464 1676 Domini
498 1601 635 1675 nantis
669 1602 759 1676 nnc
829 1604 928 1677 nem
959 1603 1036 1676 fons
1069 1572 1191 1675 annun
1223 1603 1345 1675 vorem

327 1733 495 1827 Josaphat
530 1757 552 1808 a
586 1736 674 1809 valle
707 1734 809 1810 Siloa.
866 1738 952 1812 Post
986 1738 1055 1811 hoo
1087 1759 1152 1828 per
1178 1737 1346 1832 ducentos

328 1871 362 1943 lv
388 1890 508 1960 passus
535 1890 653 1943 versus
679 1876 841 1962 austrum,
870 1873 906 1943 in
927 1871 1016 1963 pede
1035 1871 1161 1943 montis
1175 1868 1267 1959 Sion,
1296 1872 1349 1941 est

329 2004 423 2075 fons
450 1999 579 2093 Silue,
609 2006 652 2078 de
673 2025 738 2097 quo
760 2004 969 2094 colliguntur
987 2024 1097 2095 aquae
1124 2003 1159 2074 in
1187 2003 1347 2095 piscinam

331 2133 538 2223 inferiorem,
559 2156 646 2226 quae
673 2139 897 2210 natatoria
924 2136 1059 2224 Siloa,
1088 2134 1124 2207 id
1144 2140 1199 2209 est
1216 2134 1346 2219 missus,

331 2266 472 2354 dicitur,
508 2273 546 2338 ut
571 2265 744 2341 Jobannes
776 2277 895 2341 narrat
929 2269 972 2340 de
1009 2288 1111 2341 coeco
1146 2272 1236 2338 nato.
1290 2263 1347 2334 Ab

332 2397 455 2470 eodem
481 2405 597 2471 monte
630 2399 673 2471 ad
696 2400 779 2473 duos
806 2401 923 2493 jactus
955 2401 1077 2491 lapidis
1103 2399 1241 2472 videtur
1268 2415 1349 2466 con·

332 2531 445 2620 gemes
478 2530 642 2623 lapidum,
678 2532 736 2604 ubi
767 2532 1000 2606 tumulatus
1032 2534 1097 2606 init
1128 2530 1277 2616 Isaias,
1312 2531 1348 2598 et

333 2663 458 2735 ibidem
485 2663 694 2738 interemtus.
749 2664 884 2737 Deinde
911 2665 1103 2737 ascenditur
1134 2663 1222 2734 altus
1253 2679 1348 2730 mons

333 2815 450 2868 versus
489 2804 660 2890 austrum,
705 2800 739 2870 in
776 2799 872 2891 cujus
914 2797 1022 2870 latere
1069 2794 1226 2866 multae
1269 2794 1347 2862 suunt

334 2948 542 3000 cavernae
570 2936 605 3002 et
630 2931 819 3022 speluncae,
848 2930 1019 3021 inquibus
1045 2924 1234 3019 apostoli
1263 2930 1347 2995 tem-

332 3080 418 3153 poro
444 3061 606 3150 passionis
633 3061 757 3134 Christi
790 3083 827 3135 se
855 3061 1127 3134 absconderunt:
1166 3059 1201 3129 in
1229 3055 1348 3146 quibus

334 3197 455 3281 postea
481 3195 644 3264 eremitae
671 3194 840 3266 christiani
869 3193 1079 3266 habitabant.
1139 3189 1193 3261 Ab
1221 3189 1348 3261 eisdem

334 3323 488 3396 cauernis
515 3324 618 3396 altius
643 3346 706 3417 per
725 3326 867 3416 triginta
893 3346 1014 3416 passus
1044 3329 1095 3396 est
1115 3343 1199 3413 ager
1217 3327 1349 3411 emptus

335 3455 475 3544 triginta
493 3458 672 3549 argenteis,
699 3457 1016 3534 Acheldemach
1044 3462 1194 3547 vocatus,
1221 3455 1350 3528 habens

336 3610 456 3661 novem
483 3588 659 3681 foramina,
689 3591 751 3683 (in)
778 3614 867 3683 quac
894 3592 1015 3665 funera
1041 3588 1275 3663 immittuntur.

415 3721 508 3792 Intra
534 3724 739 3795 natatoriam
766 3724 858 3798 Silue
885 3728 924 3797 et
941 3723 1191 3798 Acheldemach
1210 3728 1261 3794 est
1275 3719 1347 3792 Ce-
