3368 4650
332 469 397 537 194

328 651 373 722 ad
412 649 547 735 locum,
597 642 666 718 nbi
706 643 881 718 inventa
933 643 999 718 fuit
1043 651 1193 718 sancta
1233 664 1347 719 arum

328 777 461 853 Deinde
487 776 523 848 in
550 774 661 847 medio
688 775 780 848 chori
806 775 1058 867 canonicorum,
1087 776 1135 849 ibi
1162 781 1215 850 est
1240 777 1348 869 locus,

328 913 388 985 ubi
414 909 581 982 Dominus
606 912 725 982 noster
748 907 880 1000 positus
907 914 976 999 est,
1006 911 1141 1001 quando
1169 910 1214 984 de
1248 932 1349 986 cruoe
1413 1008 1417 1014 ¹

329 1045 529 1138 deportatus
558 1040 641 1132 fuit,
673 1041 845 1115 involutus
876 1042 914 1114 in
941 1042 1067 1118 sudore
1095 1042 1285 1144 (sindone),
1312 1051 1350 1118 et

328 1177 454 1250 dicitnr
485 1176 552 1248 iste
584 1174 678 1248 loona
709 1174 887 1250 modium
921 1178 1071 1250 muudi.
1127 1178 1178 1250 Et
1213 1178 1257 1252 de
1290 1178 1350 1253 illo

328 1311 405 1382 loco
438 1309 505 1381 fuit
541 1313 697 1400 portatus
733 1308 777 1382 ad
803 1314 959 1384 sanctum
985 1312 1216 1405 sepulchrum,
1250 1318 1289 1386 et
1314 1314 1350 1386 in

328 1441 468 1514 introitu
494 1442 604 1514 sancti
629 1442 797 1535 sepulcinn'
823 1449 877 1518 est
902 1445 1010 1538 locus,
1038 1467 1142 1538 snper
1169 1467 1269 1537 quem
1296 1467 1351 1519 se-

329 1574 436 1647 debat
462 1576 617 1666 augelus,
646 1578 781 1667 qnando
801 1578 967 1654 Dominus
993 1587 1112 1654 noster
1131 1586 1208 1655 erat
1234 1581 1269 1652 in
1294 1601 1349 1653 se·

328 1707 483 1798 pulchro.

408 1842 539 1915 Postea
571 1843 723 1916 venimus
756 1844 801 1915 ad
833 1851 1019 1919 montem
1053 1845 1173 1938 Sion,
1209 1848 1268 1922 ubi
1299 1853 1354 1920 est

329 1975 461 2069 capella
479 1975 586 2047 sandi
602 1976 788 2068 salvatoris,
817 1999 908 2069 quae
931 1979 1057 2054 dicitur
1083 1979 1349 2083 praetorium

329 2108 475 2182 Pilati.
513 2109 563 2180 lbi
591 2107 657 2182 init
676 2110 838 2183 Dominus
864 2118 984 2185 nostor
1010 2121 1200 2205 coronatus,
1228 2111 1352 2201 ligatus

330 2248 368 2314 et
396 2246 585 2329 consputus
612 2248 649 2315 et
670 2244 839 2334 judicatus
858 2263 882 2316 a
898 2244 1023 2318 Pilato.
1061 2246 1190 2320 Postea
1213 2243 1351 2316 veniens

329 2375 373 2446 ad
401 2374 530 2468 locum,
572 2374 640 2446 ubi
675 2376 876 2466 migravit
908 2377 1013 2451 beata
1048 2379 1169 2469 virgo
1197 2373 1347 2448 Maria.

328 2506 463 2581 Deinde
490 2507 549 2580 ubi
576 2505 776 2580 Dominus
802 2516 920 2583 noster
948 2510 1167 2598 coenavit,
1204 2513 1243 2580 et
1269 2507 1350 2579 lecit

330 2641 524 2713 mandatum
564 2661 661 2712 suum
700 2662 777 2713 cum
809 2641 1004 2734 discipulis,
1047 2647 1085 2715 et
1121 2640 1206 2713 lavit
1243 2638 1349 2732 pedes

329 2795 459 2863 eorum,
478 2780 513 2845 et
529 2774 575 2847 ibi
598 2774 769 2866 estlocus,
792 2776 849 2848 ubi
877 2796 1032 2869 eorpus
1060 2772 1346 2860 consecravit,

330 2912 366 2977 et
405 2906 463 2978 ubi
503 2909 598 2981 veuit
632 2908 746 3000 J'anuis
782 2907 904 2980 clausis
944 2914 1023 2998 post
1062 2904 1348 2978 resurrectionem

328 3015 435 3132 suam,
465 3046 501 3113 et
528 3042 614 3114 dixit
640 3042 708 3114 eis:
734 3039 816 3112 Pon
833 3039 939 3113 volta.
975 3040 1024 3112 Et
1049 3040 1096 3113 ibi
1126 3037 1349 3111 deseendit

329 3173 515 3264 spiritus
542 3179 716 3246 sanctus
741 3195 843 3266 super
870 3174 1053 3266 discipulos
1080 3173 1114 3244 in
1144 3172 1199 3243 die
1227 3178 1368 3263 pente·-

330 3313 453 3380 costes.
519 3307 650 3381 Postea
689 3307 862 3381 inveniens
911 3306 1184 3399 sepulchrum
1234 3305 1350 3394 ragis

329 3438 467 3513 David
512 3448 546 3514 et
593 3440 806 3532 sepulchrum
852 3439 1091 3513 Salomonis
1140 3446 1177 3513 et
1216 3438 1348 3511 saneti

330 3572 538 3665 Stephani
566 3576 840 3666 protomartynis,
869 3580 907 3647 et
925 3574 984 3646 nbi
1005 3578 1140 3646 sauctus
1157 3571 1349 3663 Stephanus

330 3713 385 3777 est
427 3706 616 3806 ordinatus.
679 3707 810 3782 Deinde
848 3709 990 3782 veniens
1030 3706 1076 3779 ad
1110 3707 1235 3795 locum,
1277 3705 1348 3776 ubi
