3368 4650
1268 588 1334 656 2⁷7

311 776 475 863 statuam3
507 770 689 864 aliquando
716 777 848 847 tantum
875 774 1060 866 decrescit,
1089 771 1184 867 quod
1210 770 1334 845 iterum

312 906 449 981 videtur
474 926 562 980 nunc
588 905 633 980 ad
660 912 792 1000 pectus,
821 928 911 983 nunc
929 908 975 983 ad
991 928 1117 1001 genua
1153 905 1218 982 Fst
1245 904 1335 980 euim

311 1042 347 1113 in
386 1040 462 1115 loco
500 1039 614 1114 medio
651 1041 742 1116 inter
784 1041 894 1135 Segor
933 1049 971 1117 et
1007 1063 1105 1116 mare
1143 1040 1332 1115 Mortuum.

312 1172 399 1246 Illud
425 1192 520 1246 mare
547 1173 653 1246 habet
678 1175 714 1246 in
740 1176 922 1249 latitudine
948 1197 1007 1250 sex
1024 1176 1151 1250 leucas.
1188 1172 1335 1263 Semper

312 1304 446 1376 fumans
472 1310 508 1376 et
534 1303 671 1378 foetens
704 1312 782 1380 tota
812 1309 871 1382 iila
897 1309 1012 1401 vallis,
1047 1328 1135 1401 quae
1164 1303 1334 1399 quondam

312 1435 450 1509 illustris
484 1435 679 1528 dicebatur,
717 1460 781 1530 per
821 1442 938 1515 decem
977 1441 1088 1514 dietas
1121 1441 1171 1513 ita
1204 1436 1334 1513 sterilis

219 1638 221 1643 .
313 1565 405 1640 tacu
437 1573 507 1660 est,
542 1573 581 1640 ut
613 1589 676 1641 nec
709 1590 852 1660 gramen
885 1573 1058 1666 proferat,
1092 1593 1157 1648 nec
1196 1569 1334 1664 aliquod

312 1720 464 1791 germen.
521 1698 649 1773 Omnes
675 1701 781 1774 etiam
807 1711 941 1779 montes
968 1726 991 1780 a
1017 1706 1149 1780 dextris
1176 1712 1214 1779 et
1240 1725 1262 1778 u
1288 1705 1335 1778 si·

311 1831 587 1907 monsterius
619 1835 769 1907 suntad
802 1857 860 1910 sex
894 1837 1021 1912 leucas.
1076 1837 1189 1930 Supra
1223 1837 1334 1927 ipsum

311 1968 422 2040 locum
457 1966 492 2036 in
525 1966 688 2040 descensu
723 1968 871 2044 Arabiae
911 1977 965 2043 est
998 1968 1217 2058 carnaim,
1257 1987 1333 2060 spe-

311 2102 412 2173 lunca
437 2100 672 2190 moabitarum,
701 2102 745 2172 ad
774 2122 874 2193 quum
885 2101 1026 2174 Bualam
1053 2100 1099 2174 ad
1125 2099 1332 2174 maledicen-

311 2235 391 2307 dum
426 2231 596 2306 deductus
629 2239 696 2326 est,
735 2234 869 2326 quando
903 2235 1014 2326 adua,
1058 2234 1112 2308 cui
1151 2232 1332 2324 insidebat

312 2369 426 2441 locuta
459 2370 521 2438 est.
579 2364 674 2439 istud
705 2387 799 2440 mare
828 2366 949 2439 dividit
976 2367 1106 2440 Indiam
1135 2359 1332 2467 (Judaeum)

312 2502 355 2575 ab
382 2498 523 2574 arabia

391 2631 554 2706 Arabia
586 2637 739 2724 tempore
774 2630 920 2704 tiliorum
953 2632 1060 2705 Israel
1094 2631 1267 2704 deserum
1298 2633 1336 2701 et

312 2766 460 2840 solitudo
501 2768 595 2854 erat,
644 2765 703 2835 ubi
744 2764 893 2837 detinuit
933 2783 992 2836 eus
1030 2761 1199 2834 Dominus
1240 2759 1336 2832 annis

315 2898 549 2991 quadr-aginta,
577 2896 699 2988 pluens
726 2900 775 2970 eis
793 2916 918 2968 manna
943 2895 987 2968 de
1008 2895 1116 2984 coelo,
1145 2892 1204 2965 ubi
1232 2892 1335 2963 etiam

316 3032 473 3105 columna
504 3030 590 3121 ignis
624 3050 687 3122 per
719 3035 856 3102 noctem
888 3027 1073 3119 praecessit
1112 3045 1187 3116 eos,
1229 3023 1336 3097 nunu

317 3184 400 3236 vero
427 3162 571 3236 salunt
599 3182 658 3234 eos
684 3161 826 3252 singulis
854 3160 991 3250 diebus,
1028 3163 1065 3230 et
1100 3157 1226 3230 ibidem
1253 3173 1337 3247 qun

318 3295 476 3384 draginta
516 3295 707 3368 mansiones
754 3292 899 3365 filiorum
953 3290 1072 3364 lsrael.
1148 3287 1258 3361 Exod.
1300 3293 1337 3360 et

317 3425 417 3498 Num.
449 3429 512 3499 33.
580 3426 687 3500 Nota:
728 3426 857 3499 Arabia
895 3424 1114 3517 conjungitur
1155 3421 1337 3494 idumaeae

317 3563 350 3630 iu
378 3558 565 3633 confinibus
592 3560 776 3632 Bostorun.
832 3559 1028 3631 idumaea
1061 3563 1113 3627 est
1146 3561 1240 3626 terra
1267 3550 1338 3624 Da·

317 3693 438 3781 masci3
478 3699 580 3783 caput
611 3691 731 3782 S'yriae
771 3690 907 3782 quidem
945 3687 1184 3760 Damascus
1258 3682 1337 3756 Idu·

318 3845 448 3899 maeam
469 3830 506 3896 et
526 3824 713 3898 Veneciam
734 3820 982 3917 (Phoenicium)
999 3820 1120 3893 dividit
1139 3816 1334 3893 Libanus
