3368 4650
1285 548 1350 616 105

333 739 525 816 lacobus
560 747 595 816 et
632 748 769 815 sauctus
797 738 965 811 Simeon
1001 755 1105 808 senex
1133 739 1169 805 et
1195 729 1355 805 Zacha-

324 877 421 950 rias
450 878 588 951 inerunt
614 876 794 967 sepulti,
824 880 859 946 et
889 894 957 945 non
984 873 1086 960 longe
1106 874 1227 942 contra
1254 866 1356 940 meri·

331 1011 420 1085 diem
450 1020 503 1085 est
532 1009 829 1084 Adheldemah
859 1005 1101 1098 (Hakeldama)
1136 1005 1210 1077 sive
1243 1001 1356 1095 sepul·

331 1144 451 1217 chrum
480 1144 751 1233 peregrinorum.

411 1274 451 1344 lo
492 1277 636 1344 monte
677 1269 844 1346 Oliveti
884 1271 1034 1345 ascendit
1075 1266 1272 1362 (Dominus)
1311 1270 1354 1341 ad

332 1414 486 1494 patrem,
529 1409 566 1474 et
607 1403 784 1494 praecepit
820 1402 993 1493 discipulis
1032 1403 1232 1493 praedicare
1260 1403 1350 1475 omui
1441 1486 1444 1490 ,

332 1542 524 1605 creaturae.
581 1530 630 1600 Et
672 1551 781 1620 prope
824 1541 877 1604 est
904 1535 1095 1606 eeclesia
1130 1555 1253 1624 parva,
1295 1534 1351 1606 ubi

333 1666 422 1734 iacta
454 1670 505 1734 est
540 1660 751 1732 dominica
785 1665 940 1736 oratio.
998 1663 1047 1734 Et
1080 1664 1124 1735 ibi
1152 1664 1270 1736 subtus
1298 1671 1352 1737 est

331 1795 486 1881 ecelesia,
517 1795 572 1865 ubi
588 1792 923 1883 estsepulchrnm
945 1795 1015 1866 divi
1035 1794 1204 1884 Pelagii
1231 1794 1351 1890 (dirae

330 1923 517 2020 Pelagine).
577 1928 673 1997 Inter
688 1933 835 1998 montem
852 1926 977 1997 Oliveti
1007 1933 1044 1996 et
1071 1925 1276 2000 Bethaniam
1298 1937 1351 2000 est

330 2056 604 2150 Bethphage,
639 2059 695 2132 uhi
730 2060 892 2132 Dominus
927 2059 1019 2130 misit
1052 2059 1194 2132 Petrum
1229 2068 1265 2132 et
1291 2059 1351 2132 Jo-

329 2190 472 2263 hanoem
509 2213 571 2283 pro
606 2193 716 2281 asino,
754 2202 789 2264 et
816 2215 882 2264 riou
911 2192 1013 2281 longe
1042 2201 1096 2265 est
1125 2191 1349 2281 Bethania,

328 2324 382 2396 ubi
411 2323 576 2396 witonus
604 2326 778 2397 suscitavit
813 2325 981 2397 Lazarum
1010 2333 1045 2396 et
1072 2326 1200 2400 dimisit
1229 2345 1350 2418 peeca-

327 2458 413 2529 triui.
478 2457 525 2529 Et
568 2457 621 2529 hio
664 2458 727 2528 init
768 2457 916 2529 ‹lornns
956 2459 1118 2550 leprosi
1159 2459 1352 2532 Simonis.

327 2589 373 2659 Et
408 2591 455 2661 ihi
492 2611 599 2681 prope
635 2598 689 2662 θεῖ
724 2600 864 2664 sancta
893 2589 1082 2680 Martha,
1112 2592 1169 2664 uhi
1199 2593 1351 2666 occurrit

327 2743 404 2793 enm
433 2722 546 2794 illaria
575 2723 731 2794 llomino.

316 2936 322 2946 ,
410 2856 503 2945 l'ia,·
518 2877 606 2946 qnae
635 2855 728 2928 ducit
762 2855 804 2927 de
833 2856 1022 2928 lemsalem
1053 2855 1268 2939 Bethlehem,
1298 2855 1350 2928 est

326 3010 388 3079 per
414 2997 548 3080 portam
576 2989 688 3061 David
717 2989 760 3060 arl
789 2990 1015 3061 ecelesiam
1044 2988 1183 3061 saneti
1211 2986 1349 3077 Eliae,

327 3123 382 3193 ubi
416 3123 523 3194 stetit.
569 3122 605 3193 ln
642 3122 695 3192 sia
732 3132 783 3194 est
810 3122 1080 3214 sepulchrum
1108 3121 1255 3194 Rahel.
1312 3123 1347 3193 ln

328 3253 578 3327 Bethlehem
616 3257 681 3327 l'nit
716 3256 870 3327 Christus
903 3263 1018 3344 natus,
1056 3263 1089 3326 ot
1126 3256 1170 3326 ibi
1209 3263 1263 3326 est
1292 3276 1351 3327 se·

325 3387 543 3478 pulchrum
584 3389 719 3460 sancti
761 3389 1027 3478 Hieronymi,
1069 3398 1104 3459 et
1138 3393 1279 3479 puteus,
1317 3389 1349 3459 iu

327 3541 426 3610 quem
455 3519 553 3592 stella
582 3521 717 3608 cecidit,
747 3531 783 3594 et
810 3522 935 3610 tabula,
969 3525 1000 3593 in
1017 3542 1081 3613 qua
1098 3529 1220 3594 snncta
1235 3520 1347 3593 Maria

325 3674 399 3725 cunt
435 3655 541 3726 trihus
577 3656 713 3744 regibus
741 3662 793 3727 est
828 3654 973 3745 depicta.
1034 3656 1069 3725 ln
1096 3656 1243 3727 claustro
1271 3664 1347 3727 sum

324 3788 554 3879 sepulchra
582 3790 881 3860 innocentium.
919 3790 956 3860 ln
986 3796 1103 3881 crypta
1133 3790 1255 3861 heatae
1274 3789 1343 3859 tir·
