3368 4650
333 463 402 533 tto

334 666 403 740 qna
420 665 487 718 vox
505 644 609 719 exivit
631 643 765 720 dicens:
791 647 875 742 Ite,
905 643 1119 741 quaerite,
1140 637 1265 740 (aas)
1283 617 1353 754 bio

333 775 548 853 transfert
573 782 734 852 montes
760 785 827 854 etc.
865 780 933 858 list
959 779 1062 854 etiam
1089 775 1136 851 ibi
1163 773 1352 850 ecclesia

333 916 507 985 sanctae
545 893 786 1004 Barbarae,
821 915 880 988 nbi
922 916 997 1010 ejus
1037 932 1162 1006 eorpus
1199 907 1352 1002 quiesoit

333 1043 421 1118 Sunt
446 1043 566 1138 itaque
592 1043 682 1117 intra
707 1042 930 1138 Babyloniam
963 1053 999 1122 et
1026 1036 1184 1140 Gsyrum'
1214 1058 1275 1115 tv¹
1292 1063 1350 1118 eo·

333 1178 457 1253 elesiae
476 1177 749 1268 christianornm,
775 1178 867 1254 inter
885 1201 971 1273 quas
987 1186 1041 1257 est
1059 1200 1129 1255 una
1153 1176 1351 1274 solemnior:

332 1311 368 1383 in
399 1330 488 1404 aqna
521 1314 575 1384 est
601 1309 734 1403 capella
765 1313 828 1386 snb
854 1318 966 1408 terra,
1002 1317 1037 1389 in
1064 1336 1133 1409 qua
1165 1318 1218 1388 est
1243 1311 1350 1404 loeus,

332 1443 390 1518 nbi
409 1444 508 1517 beata
527 1444 626 1535 virgo
647 1444 844 1521 morabatur
862 1469 939 1522 enm
957 1448 1027 1523 filio
1047 1445 1134 1523 lesu
1158 1452 1194 1521 et
1209 1445 1350 1540 loseph,

333 1576 469 1669 quando
485 1574 578 1667 fugit
590 1575 634 1650 de
652 1582 746 1652 terra
756 1577 872 1655 lsrael.
902 1579 969 1656 Ubi
980 1602 1067 1675 puer
1081 1579 1284 1670 dormiebat,
1300 1584 1353 1652 est

334 1731 418 1785 crux
438 1708 531 1785 mea
555 1729 620 1801 pro
642 1711 749 1801 signo.
791 1711 848 1785 lte
871 1735 976 1807 super
1005 1733 1122 1787 omnes
1145 1711 1353 1787 ecelesias

333 1844 477 1919 babetur
488 1843 524 1916 in
535 1845 733 1916 reverentia
745 1850 781 1918 et
791 1849 938 1920 vocatur
958 1842 1124 1920 dom'ina
1141 1851 1287 1920 nostra
1303 1843 1352 1918 de

332 1974 470 2050 chana
495 1973 768 2067 Babyloniae.
816 1975 854 2049 ln
872 1975 972 2051 cairo
999 1977 1065 2052 init
1090 1977 1194 2059 arbor
1218 1976 1352 2071 palmae

332 2108 602 2200 antiquissimae,
632 2129 783 2200 quaese
810 2112 934 2186 beatae
962 2110 1088 2200 virgini
1114 2110 1350 2198 inclinaverat,

332 2245 372 2314 ut
397 2239 578 2330 colligeret
601 2240 680 2314 inde
708 2241 872 2333 mentes,
902 2248 939 2315 et
964 2246 1088 2333 postea
1113 2263 1151 2317 se
1179 2241 1288 2316 erexit
1315 2247 1352 2312 et

332 2373 428 2448 stetit
453 2372 543 2447 deut
574 2372 679 2465 prins
735 2373 898 2465 Legitur,
933 2374 1025 2466 quod
1058 2376 1163 2448 turris
1194 2372 1349 2463 Babylon

332 2504 457 2580 deloris
484 2505 526 2579 ab
553 2507 626 2580 aeie
653 2505 698 2579 ad
725 2507 830 2580 aoiem
850 2511 949 2580 extra
975 2507 1351 2597 babuit1025passus

330 2638 466 2732 pedum,
488 2638 550 2714 sed
573 2627 752 2731 spissitudo
779 2639 865 2711 muri
890 2641 965 2731 ejus
989 2639 1057 2712 init
1083 2642 1160 2714 300
1179 2656 1349 2730 passuum,

331 2773 487 2865 qnoniam
509 2771 732 2846 intendebant
756 2771 935 2848 aedificare
955 2793 1064 2865 usque
1088 2771 1132 2844 ad
1153 2764 1277 2846 linear'n
1297 2770 1349 2842 ln·

330 2924 457 2979 narem.

376 3019 538 3126 'Gaza,
576 3036 737 3111 Gazara
769 3038 872 3112 distat
906 3058 928 3111 a
958 3037 1150 3113 Jerusalem
1180 3054 1245 3125 per
1279 3039 1350 3108 tres

330 3170 453 3259 dietas,
489 3173 525 3242 et
552 3175 608 3242 est
641 3188 710 3242 una
737 3169 780 3244 de
808 3170 957 3263 quinque
985 3169 1178 3245 civitatibus
1206 3167 1350 3258 philisti-

329 3321 465 3393 norum,
493 3301 590 3394 cujus
616 3305 734 3394 portas
760 3301 902 3377 Samson
929 3302 1070 3377 abstulit
1098 3305 1135 3374 et
1160 3320 1264 3393 supra
1290 3320 1350 3373 ea·

329 3454 448 3510 enmen
481 3436 606 3510 montis
638 3434 798 3527 portavit.
859 3432 1018 3510 AGaza
1049 3422 1151 3510 etiam
1182 3454 1247 3527 per
1277 3437 1348 3506 tres

329 3568 438 3642 dietas
465 3573 520 3641 est
544 3566 736 3658 Domata,
766 3567 886 3642 civitas
907 3569 1068 3662 Aegypti,
1097 3567 1155 3641 nbi
1181 3565 1349 3640 Jeremias

330 3698 393 3777 tait
412 3699 593 3795 lapidatus.
632 3699 788 3782 Secunde
801 3701 1012 3778 Arkaron:
1037 3705 1090 3776 est
1105 3719 1173 3774 una
1188 3698 1231 3772 de
1251 3696 1348 3793 qnin-

997 4434 1183 4602 fx
