3368 4650
1307 532 1372 601 18³

347 713 513 788 residium
541 717 631 791 illius
656 717 784 810 lapidis
809 719 844 790 in
871 718 998 793 honore
1021 715 1203 791 salvalonis
1229 685 1374 790 ecclesia

348 849 518 943 quaedam
545 857 743 927 constructa
768 857 832 926 est.

431 982 561 1058 Octauo
588 986 747 1061 milliario
775 1007 797 1058 a
822 985 914 1078 Tyro
945 989 1066 1058 eontra
1092 984 1370 1076 septentrionem,

347 1139 453 1209 snpra
483 1140 595 1210 mare,
631 1117 804 1210 Surphen,
850 1118 940 1211 quod
980 1123 1033 1191 est
1065 1116 1244 1208 Sarepta
1275 1114 1373 1189 Sido·

348 1251 437 1340 niae,
465 1251 499 1322 in
528 1270 596 1342 qno
624 1251 795 1342 quondam
822 1249 986 1323 habitavit
1010 1251 1182 1342 propheta
1200 1248 1309 1340 Elias,
1337 1253 1375 1321 et

352 1383 388 1454 in
418 1403 485 1472 quo
511 1383 732 1455 resuscitavit
759 1381 864 1455 lilium
891 1383 1025 1473 viduae,
1053 1382 1178 1456 donam
1201 1381 1374 1455 videlicet:

351 1533 442 1604 quae
475 1533 553 1584 enm
587 1512 807 1602 cohospitata
839 1513 951 1588 iuerat
990 1520 1027 1588 et
1059 1515 1204 1589 cariute
1238 1514 1376 1587 foverat

350 1650 389 1717 et
423 1650 576 1732 paverat.
645 1643 752 1715 Sento
791 1645 947 1718 milliario
983 1665 1006 1718 a
1038 1644 1195 1738 sarphen
1228 1645 1374 1737 Sidon,

350 1775 493 1864 egregia
526 1774 657 1868 civitas,
695 1796 738 1847 er
766 1796 835 1866 qua
860 1777 965 1868 Dido,
1004 1798 1095 1869 qnae
1129 1775 1373 1865 Carthaginem

348 1905 501 1979 condidit
534 1905 567 1976 in
603 1904 733 1978 Africa.
790 1906 892 1980 Sento
919 1910 1053 1981 decimo
1086 1908 1245 1981 milliario
1273 1930 1295 1982 a
1319 1906 1373 1981 Si-

350 2038 443 2111 done
469 2038 677 2136 Berytus,
706 2041 961 2131 opulentissima
988 2040 1117 2114 civitas.
1174 2043 1214 2114 ln
1241 2041 1373 2133 Beryto

348 2172 518 2266 quaedam
545 2172 727 2247 salvatoris
754 2174 859 2247 nostri
885 2174 995 2247 iconia
1026 2195 1096 2245 non
1124 2174 1267 2247 multum
1294 2178 1372 2265 post

347 2308 539 2398 passionem
567 2307 658 2399 ejus,
688 2307 733 2379 ad
760 2307 976 2398 ignominiam
1002 2279 1094 2402 ejus,
1123 2328 1144 2378 a
1171 2306 1374 2401 quibusdem

345 2438 486 2532 judaeis
512 2439 695 2514 ridiculose
716 2442 807 2513 cruci
835 2441 899 2513 fixa
924 2440 1123 2531 sanguninem
1150 2440 1315 2530 produxit
1336 2443 1374 2511 et

348 2592 483 2663 aquam,
513 2572 603 2643 unde
631 2579 669 2644 et
696 2572 793 2645 multi
822 2572 856 2645 in
875 2593 956 2645 vero
972 2572 1133 2645 crucifixo
1153 2573 1372 2646 crediderunt

347 2704 527 2796 baptizati.
584 2705 783 2796 Quicunque
811 2705 914 2778 eliam
942 2726 984 2777 ex
1011 2705 1106 2777 stilla
1133 2705 1265 2778 iconiae
1296 2725 1375 2796 pcr-

349 2837 457 2927 uncti,
493 2857 515 2908 a
549 2858 749 2929 quacunque
786 2843 1015 2927 gravarentur
1047 2835 1263 2927 infirmitate,
1301 2837 1375 2909 sani

350 2970 596 3043 reddebantur.
640 2968 823 3061 ·hrphat
848 2970 927 3044 urbs
953 2970 1125 3043 Damasci.

349 3179 402 3246 25.
441 3178 623 3256 Damascus,
647 3177 809 3260 Idumaea,
834 3179 910 3260 llus,
934 3179 1044 3257 suom,
1074 3176 1199 3253 l‘hama,
1224 3176 1377 3257 Naaman,

440 3283 559 3351 lluvlua
582 3284 693 3366 Jahoo,
715 3301 804 3352 mons
827 3286 907 3365 selr,
935 3287 1054 3352 lterum
1079 3283 1262 3361 Damascus,
1287 3298 1377 3350 mona

441 3390 594 3469 Libanus,
617 3390 791 3475 Pharphar
813 3396 847 3459 et
867 3393 984 3460 dhane
1006 3389 1113 3469 huvil,
1140 3392 1259 3472 portua
1281 3405 1307 3455 a
1331 3389 1377 3456 sl·

442 3498 581 3575 mocula,
612 3498 805 3578 Antiochia,
828 3499 967 3582 Paneas,
991 3495 1116 3575 halon,
1140 3494 1228 3576 llan,
1252 3493 1376 3574 ledan,

442 3606 513 3685 lor,
536 3620 624 3671 mara
646 3603 818 3672 Galilaeae

435 3768 668 3842 Damascus
701 3771 737 3842 in
773 3769 886 3861 Syria,
921 3769 964 3840 de
993 3786 1064 3857 qua
1100 3765 1252 3839 historia.
1308 3764 1378 3838 Da·
