3368 4650
1296 577 1363 641 229

334 757 414 833 hnic
439 759 622 852 mangulo
647 765 842 836 constmcta
868 758 903 831 in
930 759 1059 832 honore
1087 758 1268 833 omnium
1294 776 1363 830 an·

334 892 542 984 gelorum.
599 894 752 971 Tertia
787 895 823 966 in
856 892 978 968 eodem
1004 894 1112 968 latere
1140 896 1195 967 est
1220 892 1362 966 sancti
1455 908 1459 917 ·

334 1024 545 1101 Johannie
571 1027 818 1122 Baptistae.
868 1025 1032 1120 Quarta
1059 1027 1237 1120 capella
1262 1047 1286 1100 a
1312 1027 1362 1099 la·

334 1164 409 1233 tere
436 1161 570 1252 dextro,
600 1182 681 1234 cum
709 1162 885 1253 egreditur
911 1162 955 1234 de
984 1160 1130 1254 templo,
1156 1161 1261 1254 juxta
1287 1165 1362 1233 tur·

334 1290 611 1383 rimcampanilis
633 1293 861 1368 estMariae
880 1294 1172 1385 Magdalenae.
1208 1293 1361 1366 Primam

335 1425 503 1514 capellam
531 1424 663 1497 habent
690 1425 835 1515 indiani,
864 1428 1047 1499 secundam
1070 1427 1259 1520 jacobitae,
1288 1432 1361 1499 ter·

334 1556 416 1627 tiam
442 1545 632 1647 georgiae,
662 1563 821 1648 quartam
837 1566 1007 1652 occupant
1023 1560 1149 1649 graeci.
1184 1559 1224 1632 ln
1244 1559 1360 1634 medio

334 1688 453 1761 harum
481 1694 630 1778 quatuor
658 1689 869 1784 capellarum
903 1693 938 1762 in
965 1692 1171 1784 pavimento,
1201 1713 1224 1763 a
1249 1691 1361 1782 modu

335 1819 513 1893 Calcariae
542 1820 704 1891 undecim
730 1822 894 1915 passibus,
925 1828 977 1896 est
1007 1824 1103 1895 locus
1127 1824 1283 1912 signatus
1310 1823 1360 1894 la·

334 1954 431 2048 pide,
467 1972 535 2044 quo
563 1950 733 2025 Dominus
760 1949 878 2044 lesus,
917 1954 1037 2025 ductus
1064 1974 1087 2025 a
1113 1952 1212 2027 domo
1240 1954 1354 2044 Pilati,

337 2086 467 2180 quievit
501 2104 578 2156 cum
616 2105 731 2176 cruce,
770 2085 910 2159 cohorte
946 2086 1196 2160 circumstante.
1253 2084 1359 2161 Juxta

334 2220 481 2314 plateam
521 2222 604 2288 ante
639 2217 804 2310 templum
845 2225 898 2291 est
934 2239 1080 2293 carcer
1111 2220 1358 2294 malefacto-

332 2373 435 2446 rum,
475 2350 575 2443 cujus
610 2349 773 2422 ostiolum
815 2352 953 2444 respicit
981 2353 1123 2445 januam
1149 2355 1270 2447 templi
1304 2358 1353 2426 22

333 2505 504 2579 passuum.
562 2480 700 2555 Deinde
728 2483 801 2554 itur
827 2504 945 2558 versus
973 2486 1137 2559 orientem
1168 2509 1234 2578 per
1262 2487 1357 2558 vicos

330 2618 474 2692 civitatis
500 2615 545 2688 ad
573 2617 843 2706 praetorium
869 2617 1009 2689 Pilati.
1071 2616 1123 2689 Et
1150 2626 1204 2691 est
1234 2623 1357 2691 notan·

329 2749 425 2840 dum,
455 2747 546 2842 quod
574 2767 597 2819 a
624 2747 702 2820 loco
724 2747 901 2822 Calvariae
929 2770 1036 2841 usque
1062 2747 1107 2820 ad
1133 2749 1224 2821 idem
1252 2770 1354 2841 prae·

329 2885 456 2955 torium
488 2888 570 2954 sunt
609 2882 698 2953 ccccl
738 2902 872 2972 passus,
914 2902 998 2971 quos
1036 2881 1125 2951 omni
1164 2882 1352 2972 diligentia

330 3037 398 3107 qua
425 3015 532 3107 potui,
563 3015 753 3086 numeravi.
817 3012 904 3084 Nam
931 3014 977 3086 ad
1004 3014 1160 3087 domum
1189 3012 1353 3103 divitis,

328 3149 386 3238 qui
403 3148 536 3220 Lazaro
564 3146 730 3235 languido
757 3148 863 3218 micas
882 3147 1075 3238 denegavit,
1104 3155 1184 3218 sunt
1212 3147 1353 3219 ducenti

327 3279 406 3352 lxxv
438 3301 568 3372 passus.
632 3278 768 3351 Deinde
801 3302 823 3350 a
854 3280 998 3352 sinistris
1037 3299 1101 3370 per
1138 3279 1195 3350 xlv
1228 3299 1351 3369 passus

328 3419 382 3484 est
412 3413 505 3484 locus
537 3412 643 3484 trium
678 3412 868 3504 platearum
903 3415 936 3484 in
964 3415 1036 3484 acie
1065 3411 1349 3497 concurrentium,

328 3564 395 3616 non
423 3546 523 3634 longe
551 3564 574 3615 a
602 3544 714 3632 valva,
745 3565 833 3636 quae
851 3545 945 3616 ducit
972 3544 1015 3616 ad
1031 3543 1215 3616 Samariam
1243 3542 1350 3616 etad

328 3676 589 3769 Kapharnaum‚
638 3674 826 3749 Gamalam.
895 3678 1025 3749 lbidem
1060 3675 1197 3748 Simon
1236 3694 1350 3766 cyre·

326 3830 425 3884 neus
451 3809 698 3902 angariatus
714 3810 839 3882 suited
855 3810 1042 3884 tollendam
1058 3830 1194 3884 crucem
1206 3808 1345 3882 Christi.
