3368 4650
1269 519 1314 586 ⁴7

285 705 463 802 probando
490 710 709 800 peragraret,
744 710 806 776 ant
841 703 1013 796 quomodo
1039 701 1147 777 multa
1175 705 1311 794 tempo-

285 864 359 914 mm
387 842 496 936 spatia
522 842 732 935 perniciosas
760 859 970 933 paganorum
989 841 1178 933 pravitates
1204 858 1313 932 pene·

285 976 408 1048 cando
444 977 624 1071 euaderet,
671 975 855 1067 diligenter
891 976 935 1050 ab
977 976 1035 1046 illo
1061 975 1307 1048 sciscitabatur.

365 1108 558 1202 Statimque
598 1118 681 1184 tunc
714 1111 772 1183 ille
806 1111 905 1200 agilis
938 1108 1066 1182 Christi
1106 1108 1309 1182 vernaculus

283 1239 434 1329 glorioso
461 1244 613 1331 gentium
646 1244 889 1334 gubernatori,
929 1244 1074 1335 sapienti
1108 1263 1304 1315 sermonum

282 1371 446 1443 indusnia
473 1372 648 1447 humiliter
674 1375 910 1476 edisserendo,
944 1377 1067 1448 seriem
1094 1378 1147 1448 sui
1175 1377 1305 1449 itineris

280 1525 323 1577 ex
351 1503 472 1576 ordine
505 1507 689 1577 intimavit:
726 1508 817 1597 quali
845 1507 947 1579 modo
975 1509 1099 1580 multas
1126 1509 1305 1597 migrando

279 1635 393 1709 mundi
422 1637 518 1708 istius
546 1640 736 1728 pernneavit
758 1641 959 1729 mansiones,
988 1645 1026 1711 et
1054 1641 1225 1729 quomodo
1255 1641 1304 1710 al·

277 1791 370 1841 mum
397 1770 555 1842 altissimi
583 1770 760 1841 aetlrerum
778 1769 992 1860 plasmatoris
1009 1772 1158 1842 natalem
1175 1772 1304 1843 adven·

278 1915 334 1975 tus
359 1904 412 1974 sui
439 1903 552 1975 locum
580 1905 614 1975 in
628 1902 832 1975 Bethlehem
849 1902 1033 1994 adorando,
1063 1925 1164 1994 opem
1182 1913 1303 1998 postu·

279 2037 380 2108 lando
407 2037 650 2127 lustrandoque
677 2034 947 2128 perambulabat,
986 2043 1023 2106 et
1050 2037 1155 2108 nihilo
1184 2041 1298 2111 minus

276 2171 375 2242 aliam
408 2171 617 2262 baptismatis
658 2171 734 2262 ejus
772 2176 899 2242 terram
934 2169 968 2238 in
994 2167 1147 2243 Jordane
1174 2193 1297 2261 specu·

276 2303 377 2375 lando
403 2325 509 2395 seque
537 2303 728 2376 balneando
758 2303 934 2392 iurabat,
979 2303 1041 2375 sed
1069 2311 1106 2375 et
1134 2305 1167 2374 in
1196 2304 1298 2378 Jeru-

277 2439 381 2510 salem
423 2440 537 2528 sicque
578 2437 612 2508 in
653 2445 770 2508 sancta
805 2435 904 2527 Sion,
949 2437 1006 2508 ubi
1047 2457 1144 2509 sacer
1178 2460 1298 2510 saecu·

274 2571 382 2642 lorum
421 2573 574 2643 salvator
615 2572 648 2640 in
686 2590 787 2642 cruce
821 2591 1002 2661 suspensus
1028 2578 1205 2662 peremtus
1241 2580 1294 2644 est

275 2713 379 2796 atque
406 2704 569 2796 sepultus,
599 2710 635 2774 et
661 2712 783 2792 postea
810 2704 844 2774 in
874 2702 1126 2776 nronteOliveti
1156 2705 1189 2775 iu
1217 2726 1297 2776 coe·

272 2838 341 2909 lum
369 2837 533 2910 ascendit.
588 2837 665 2908 Istic
692 2844 840 2926 quatuor
868 2837 998 2908 vicibus
1017 2837 1186 2909 veniendo
1216 2859 1294 2908 ora·

274 2971 332 3043 bat
359 2980 396 3041 et
423 2971 569 3043 Domino
603 2989 641 3039 se
678 2968 945 3041 commendabat
1000 2967 1073 3040 Ista
1100 2973 1213 3041 onnria
1242 2972 1290 3043 illi

270 3103 454 3175 intimando
481 3102 695 3195 explanabat.

268 3361 410 3430 mlv.
469 3366 557 3448 Papa
599 3363 641 3431 ad
689 3365 836 3535 :suanm
885 3362 1084 3431 Boullmlnn
1131 3365 1291 3447 protelant

712 3474 856 3538 ortatur.

349 3629 532 3722 Postquam
560 3633 644 3704 baec
672 3635 786 3704 omnia
822 3632 1079 3710 delectabilibus
1107 3635 1288 3707 vorborum

271 3766 606 3838 sermocinationibus
640 3767 733 3838 inter
769 3788 807 3838 se
845 3768 1036 3843 fabulantes
1073 3769 1286 3862 volutabant,
