3368 4650
1285 589 1350 656 ael

329 782 385 852 eal
412 777 469 849 ille
497 777 580 871 lapis
617 797 775 870 maguus,
812 797 880 869 quo
912 777 1086 867 signatum
1118 777 1194 847 erat
1227 770 1353 844 ostium

328 912 538 985 monumenti
575 909 716 986 Ohuiuti.
783 909 900 985 Etiam
938 916 1035 1019 retro
1068 908 1179 982 altare
1219 926 1353 981 sursum

325 1046 422 1137 pieta
453 1051 508 1119 eat
541 1044 803 1137 unmfigmnuo.
872 1046 1005 1120 Ibidem
1041 1043 1145 1138 juxta
1182 1041 1295 1116 adme
1332 1058 1355 1111 a

328 1175 459 1250 dextuis
493 1183 547 1250 est
581 1199 727 1253 career
760 1179 944 1270 christi,
979 1198 1048 1271 quo
1082 1177 1231 1252 reclusus
1266 1178 1352 1262 erat,

330 1327 507 1400 quousque
542 1309 660 1402 judaei
695 1315 916 1388 convenirent
947 1319 998 1404 et,
1045 1310 1164 1385 habito
1202 1306 1351 1396 oonsilio,

327 1440 489 1513 audirent
513 1443 710 1516 testimonia
736 1452 855 1518 contra
880 1447 997 1539 ipsum.
1056 1443 1215 1518 Eandem
1242 1440 1355 1536 oapel·

326 1571 395 1642 lum
423 1573 550 1645 habeut
579 1576 684 1647 etiam
711 1578 839 1650 armeni
866 1579 1049 1652 chnstiani.

411 1705 501 1777 Item
528 1707 562 1777 iu
590 1707 714 1781 eodem
740 1716 853 1782 monle
872 1731 989 1784 nemus
1006 1716 1153 1783 stratum
1181 1707 1353 1799 (matam)

327 1844 384 1911 eat
410 1836 505 1909 locus
524 1840 693 1912 secundae
712 1841 904 1933 sepultume
922 1842 1034 1916 sancti
1054 1827 1234 1932 Stephani*
1266 1838 1353 1912 Item

327 1990 393 2063 per
411 1972 459 2039 22
482 1991 601 2062 pausus
618 1991 737 2045 nemus
760 1981 909 2047 austrum
928 1982 1026 2047 retro
1043 1972 1184 2047 chorum
1206 1971 1353 2065 (eccle-

327 2105 417 2177 siae
445 2105 604 2177 montis
631 2101 746 2196 Sion)
780 2114 832 2179 est
857 2106 949 2181 loeus
976 2109 1158 2201 coquinae,
1192 2126 1261 2199 qua
1286 2125 1366 2199 pa·.

328 2244 450 2311 ratus
477 2242 552 2308 eral
578 2256 712 2326 agnus
737 2240 956 2331 paschalis
983 2241 1029 2314 ad
1058 2240 1281 2331 vescendum,
1320 2240 1354 2310 iu

329 2393 399 2464 qua
420 2372 522 2443 etiam
541 2369 705 2444 ealefacta
730 2381 804 2446 erat
830 2394 938 2466 aqua
963 2394 1039 2466 pro
1068 2375 1249 2470 pedibus
1276 2371 1356 2445 dis·
1469 2419 1476 2433 ·

328 2504 568 2597 cipulorum
602 2505 807 2579 lavandis.
870 2509 957 2583 Item
986 2509 1021 2579 in
1050 2507 1143 2597 looo,
1180 2508 1238 2599 qui
1265 2526 1356 2578 nunc

329 2646 383 2711 eat
410 2637 582 2725 habitatio,
613 2659 681 2728 quo
709 2641 846 2730 spiritus
872 2648 1006 2713 sanctus
1033 2642 1156 2712 missus
1184 2647 1259 2712 erat
1285 2639 1354 2710 dia-

331 2771 468 2862 cipuli,
514 2773 754 2844 tumulatus
792 2779 845 2845 eut
880 2773 1038 2863 David',
1081 2771 1280 2844 Salomon
1319 2777 1356 2843 et

331 2903 480 2994 plures
507 2925 632 2995 reges
666 2906 814 2977 evitatis
845 2905 1048 2978 Jerusalem.
1113 2905 1200 2976 item
1233 2905 1267 2975 iu
1300 2903 1355 2976 ci·

331 3038 507 3109 miterio
535 3039 688 3130 eJusdem
721 3040 952 3140 ecclesiae,
992 3059 1114 3112 versus
1148 3037 1352 3130 aquilonem,

331 3176 386 3242 eat
412 3170 504 3242 locus
536 3173 704 3262 signatus,
744 3174 801 3245 ubi
838 3174 909 3265 ipse
940 3172 1107 3245 Dominus
1140 3171 1264 3246 Jesus
1297 3170 1355 3243 die

331 3305 540 3377 aucensionis
567 3307 839 3397 praedicauit
875 3314 926 3396 et,
965 3307 1144 3395 increpata
1182 3305 1356 3377 dementia

332 3436 583 3529 discipulorum,
613 3440 706 3512 misit
734 3461 792 3514 eos
818 3443 851 3512 in
879 3438 1052 3529 muudum,
1082 3439 1143 3512 sed
1173 3440 1265 3531 prium
1293 3438 1356 3509 ivit

331 3592 408 3642 cum
438 3572 486 3645 eis
514 3575 547 3645 iu
575 3581 724 3646 montem
752 3571 941 3661 Olivarum3
970 3572 1178 3646 benedicens
1206 3572 1271 3662 eis,
1300 3592 1356 3643 as·

333 3706 450 3777 cendit
484 3708 518 3778 in
550 3707 693 3780 coelum.
763 3709 796 3779 A
829 3709 953 3797 serium
986 3705 1100 3800 lapide
1134 3705 1179 3778 xii
1212 3704 1356 3796 pedibus

332 3851 389 3917 eat
424 3839 515 3915 ulter
548 3841 635 3932 lapis
677 3848 791 3915 lemae
823 3841 956 3934 uffixuu,
999 3841 1059 3912 ubi
1095 3840 1197 3913 beata
1231 3839 1356 3929 virgo

1143 3958 1186 4026 la
