3368 4650
1282 638 1283 642 ,
1295 591 1317 655 9

291 792 426 875 gratnm
453 791 610 876 posteaa
627 780 772 855 Domino
802 778 1005 871 petitionum
1022 774 1318 867 consequebantur

290 919 446 992 ellectum
453 973 463 1010 ,
505 917 716 1013 pristinaque
757 935 866 1007 puero
904 919 1023 1006 postea
1063 912 1225 986 restituta
1264 919 1317 983 est

290 1054 423 1126 sanitas.

288 1406 343 1474 tv.
377 1406 422 1472 De
444 1407 589 1489 pnmitta
612 1406 813 1487 wilelmum
837 1407 877 1473 ad
893 1408 1122 1474 monasterinm
1135 1407 1313 1475 Weidhdn

731 1512 873 1579 dnoltnr.

371 1699 523 1791 Cumque
563 1699 697 1771 illuster
735 1701 792 1773 ille
830 1722 919 1792 puer
962 1701 1006 1771 ad
1048 1701 1313 1791 quinquennium

287 1856 392 1925 usque
419 1833 648 1924 pervenimet,
682 1833 716 1903 in
745 1852 789 1904 eo
812 1833 886 1923 jum
915 1839 995 1904 tune
1023 1833 1208 1925 spiritualia
1235 1854 1315 1923 ger·

287 1967 436 2038 minabat
475 1965 662 2057 sapientiae
716 1964 913 2052 virgultum,
986 1965 1107 2056 ltaque
1152 1974 1314 2057 parentes

290 2100 408 2170 uotiua
435 2097 684 2169 desideriorum
712 2097 854 2188 implere
873 2099 1105 2188 properabunt
1132 2102 1309 2191 promissa,

286 2238 392 2324 atque
419 2230 598 2302 illustrium
629 2232 922 2321 quantociuscum
949 2231 1105 2303 consultu
1120 2234 1308 2304 amicorum

286 2365 539 2453 carnaliumque
589 2364 858 2456 propinquorum
913 2365 1053 2436 oonsilio
1101 2365 1145 2436 ud
1192 2386 1309 2437 sacrae

287 2497 492 2570 coenobialis
519 2497 612 2569 vitae
626 2497 849 2570 instrumenta
867 2518 1074 2590 praeparare
1094 2505 1196 2590 atque
1209 2499 1312 2591 perli-

286 2653 364 2704 cere
404 2629 624 2703 festinabant.
683 2629 942 2722 Commi-imque
980 2631 1074 2703 illum
1115 2632 1311 2704 venerando

287 2764 550 2854 fidelissimoque
582 2763 657 2834 viro
691 2763 896 2836 Theodredo
932 2764 1221 2851 commendabunt,
1250 2784 1313 2835 sua

287 2897 502 2987 providentie
537 2918 613 2969 eum
647 2897 691 2967 ud
727 2897 930 2970 coenobium
964 2897 1090 2970 ducere
1129 2897 1311 2986 omniaque

288 3027 477 3118 prudenter
509 3029 553 3103 de
589 3051 651 3101 sua
683 3051 786 3103 eausa
824 3029 1022 3119 dispensare
1059 3029 1310 3120 disponereque

286 3162 465 3250 rogabant
519 3158 673 3253 Cumque
701 3136 932 3254 nerrexissent
958 3168 995 3232 et
1022 3161 1116 3232 illum
1145 3162 1312 3234 ducerent

286 3293 331 3365 ad
357 3294 618 3385 monasterium,
661 3295 753 3386 quod
789 3301 933 3367 vocatur
967 3290 1173 3383 Waluleim,
1205 3315 1309 3367 vene·

286 3427 394 3499 rmdo
406 3426 522 3499 abbati
540 3427 631 3500 illius
657 3428 866 3518 monasterii,
897 3429 955 3518 qui
984 3435 1126 3499 vocatur
1153 3426 1309 3518 Egnald,

287 3557 490 3646 oderebaut3
516 3568 572 3632 art
598 3560 691 3632 illum
719 3582 801 3632 suae
816 3560 1022 3633 conditionis
1031 3560 1112 3652 jure
1135 3562 1310 3654 juniorem

286 3712 347 3764 seu
376 3693 568 3766 obediendo
595 3693 795 3785 discipulum
822 3716 886 3767 suo
909 3694 1134 3767 subdiderunt
1154 3694 1308 3785 imperio.

285 3823 476 3918 Statimque
503 3826 561 3900 ille
597 3826 703 3903 roua
728 3828 927 3903 monasterii
945 3825 1310 3918 secuudumregnlrria
