3368 4650
1285 508 1351 576 279

325 697 481 803 dinntur,
509 698 668 771 animalia
695 702 731 772 et
759 699 927 790 homines,
964 718 1049 790 quos
1077 700 1233 789 possunt,
1263 689 1351 763 occi·

325 833 420 907 dunt
477 831 594 923 Agnus
622 839 659 907 et
686 834 799 907 hircus
827 832 883 907 vix
916 832 1046 907 sufficit
1074 830 1139 903 sibi
1173 829 1217 902 ad
1245 825 1351 900 semel

326 967 542 1041 vescendum.
596 965 717 1060 lncipit
743 969 859 1061 itaque
888 966 987 1041 Nilus
1016 978 1172 1039 crescere
1201 965 1234 1036 in
1263 961 1351 1035 nati·

326 1099 432 1173 vitate
464 1099 569 1174 sancti
597 1096 761 1174 Johannis
788 1100 967 1194 Baptistae
1001 1120 1108 1192 nsque
1142 1096 1187 1170 ad
1223 1096 1354 1170 exalta·

325 1232 452 1307 tionem
478 1239 616 1306 sanctae
645 1233 772 1324 crucis,
816 1234 940 1308 deinde
968 1231 1138 1307 decrescit
1171 1228 1353 1322 usquead

326 1365 542 1458 epiphaniam
561 1364 712 1457 Domini,
743 1367 801 1437 nbi
818 1372 898 1440 tunc
916 1369 1040 1464 (terra)
1068 1370 1211 1458 apparet
1238 1362 1348 1435 arida.

328 1496 479 1572 Colonns
497 1498 635 1592 projicit
653 1518 770 1571 semen
791 1520 889 1572 suum
910 1498 968 1598 (*)
982 1506 1019 1573 et
1036 1505 1144 1571 metet
1162 1498 1196 1570 in
1216 1497 1350 1570 martio.

328 1625 438 1703 Omne
464 1651 573 1721 genus
600 1630 780 1720 leguminis
809 1653 830 1704 a
857 1633 945 1706 festo
966 1631 1057 1705 beati
1073 1629 1214 1703 Martini
1245 1650 1352 1721 nsque

327 1760 371 1834 ad
398 1763 557 1834 martium
586 1783 706 1836 recens
734 1762 921 1854 colligitur,
964 1762 1120 1836 similiter
1153 1769 1189 1834 et
1222 1763 1353 1834 tructus

330 1884 520 1967 hortorum.
578 1891 676 1968 Ores
697 1903 734 1969 et
759 1916 881 1988 caprae
909 1897 961 1968 bis
989 1895 1126 1984 pariunt
1153 1896 1187 1965 in
1215 1914 1315 1966 anno.

409 2024 606 2114 Sciendum,
653 2027 744 2116 quod
794 2013 883 2100 tres
937 2031 1035 2099 sunt
1073 2025 1352 2117 Babyloniae:

326 2159 435 2248 prima
479 2177 584 2246 super
627 2157 768 2229 fluvium
809 2158 945 2232 Thabor
984 2157 1163 2253 (Tigrim),
1212 2161 1246 2230 in
1286 2179 1354 2250 qua

324 2289 485 2378 regnavit
507 2285 834 2361 Nabuchodonosor.
873 2290 1030 2362 Secunda
1051 2297 1107 2362 est
1127 2293 1160 2362 in
1178 2291 1351 2380 Aegypto,

325 2439 556 2512 superquam
584 2422 745 2510 regnavit
765 2420 910 2492 Pharao.
959 2424 1052 2494 lstae
1070 2422 1158 2495 dnae
1186 2429 1264 2494 sunt
1292 2421 1352 2493 de·

325 2554 465 2625 solatae.
522 2549 657 2642 Tertia,
688 2552 733 2623 dc
761 2573 829 2642 qua
856 2553 911 2625 hic
940 2556 1071 2644 agitur,
1109 2557 1210 2626 etiam
1239 2554 1352 2626 estin

326 2686 496 2775 Aegypto.
552 2679 644 2754 Huic
678 2684 839 2772 contigua
873 2694 924 2757 est
951 2686 1090 2772 civitas,
1131 2707 1219 2776 qnae
1247 2686 1352 2775 Kay-

325 2837 417 2887 rum·
452 2814 590 2902 dicitnr,
641 2815 674 2885 in
718 2836 786 2904 qno
827 2817 923 2903 regia
960 2824 1041 2887 sunt
1079 2817 1209 2905 palatia
1250 2816 1353 2905 ipsius

327 2947 474 3035 soldani,
516 2950 553 3017 et
586 2953 639 3016 est
675 2967 743 3016 nna
774 2953 810 3016 et
845 2948 962 3018 cadem
998 2948 1120 3018 civitas
1155 2969 1229 3020 curn
1263 2968 1354 3019 nova

328 3078 527 3168 Babylonia.
585 3075 624 3146 ln
659 3077 722 3149 hac
755 3079 896 3150 civitate
929 3088 1010 3148 sunt
1043 3079 1193 3170 quinque
1226 3100 1354 3168 genera

328 3209 511 3296 hominnm,
526 3208 653 3281 scilicet
662 3209 805 3298 romani,
818 3210 943 3299 graeci,
961 3211 1147 3301 jacobitae,
1166 3212 1239 3302 (qui
1260 3216 1352 3302 sunt)

325 3342 509 3431 christiani,
526 3344 700 3414 sarraceni
721 3349 755 3413 ct
769 3341 899 3432 judaei.
935 3341 1065 3414 lbidcm
1090 3351 1142 3416 est
1169 3345 1354 3416 ecclesia

323 3474 568 3564 jacobitarum,
611 3494 700 3564 quac
738 3484 882 3546 vocatur
916 3475 1081 3547 domina
1122 3486 1266 3549 nostra
1301 3476 1353 3547 do

327 3605 454 3694 haza,
484 3606 589 3677 nnirac
613 3607 888 3698 pulchritudinis,
911 3616 946 3681 et
967 3617 1018 3681 est
1040 3609 1278 3697 patriarchalis
1299 3631 1353 3681 ec·

329 3738 436 3811 clasia
466 3738 707 3830 jacobitarum:
743 3741 777 3810 in
811 3762 878 3830 qua
914 3751 967 3814 est
1002 3763 1068 3812 nna
1103 3743 1272 3832 columna,
1309 3742 1351 3815 de
