3368 4650
396 500 460 569 164

472 675 558 750 Inde
586 675 629 748 ah
656 674 776 747 eadem
800 674 926 765 platea,
957 671 1107 763 quaeda
1127 672 1410 765 portaJosaphat

394 808 586 902 egreditur,
621 827 751 878 sursum
782 805 817 876 in
849 805 1005 896 proxima
1038 804 1111 894 via,
1146 825 1236 896 qnae
1267 804 1324 892 ab,
1344 803 1410 878 hac

392 941 542 1017 declinat
567 938 693 1030 platea,
721 936 765 1009 ad
781 937 938 1010 dextram
965 957 1110 1027 manum,
1140 958 1271 1010 sursum
1292 959 1408 1013 versus

391 1095 525 1148 murum
542 1071 687 1145 civitatis
709 1075 759 1145 cst
774 1070 832 1142 illa
860 1070 1047 1144 ecclesia
1067 1070 1100 1142 in
1122 1070 1253 1146 honore
1270 1077 1407 1146 sanctae

391 1206 533 1280 Maria
574 1203 855 1293 Magdalenae
891 1201 1003 1295 lacta,
1042 1204 1100 1277 ubi
1136 1212 1215 1279 sunt
1250 1206 1407 1280 monachi

386 1337 576 1433 jacobitae,
606 1335 650 1409 de
677 1356 745 1427 qua
766 1335 838 1429 jam
866 1337 1025 1429 diximus,
1063 1359 1151 1429 quae
1178 1340 1321 1414 dicenda
1346 1362 1407 1414 no·

391 1472 509 1544 vimus.
566 1469 605 1542 ln
631 1466 784 1560 praelata
811 1471 930 1564 platea
955 1472 999 1545 de
1033 1478 1136 1564 porta
1172 1475 1269 1556 vallis
1309 1474 1407 1548 Josa·

389 1605 475 1699 phat
497 1603 569 1676 itur
595 1624 658 1696 per
683 1604 849 1680 directum
875 1626 996 1680 versus
1013 1606 1104 1678 illurn
1128 1607 1293 1699 plateam,
1320 1627 1406 1699 quae

389 1739 435 1812 ad
461 1743 596 1828 portam
629 1737 733 1811 sancti
759 1735 923 1829 Stephani
951 1739 1059 1831 ducit,
1091 1760 1112 1811 a
1141 1761 1208 1832 qna
1237 1741 1407 1815 deindca

389 1872 625 1964 septentrione
653 1893 769 1945 versus
789 1871 959 1963 plateas
984 1873 1059 1945 illas
1086 1874 1306 1964 triplices,
1340 1872 1405 1942 imo
1472 1942 1476 1949 .

389 2003 592 2095 multiplices
610 2004 818 2078 diuersarum
836 2026 953 2078 rerum
967 2005 1136 2079 venalium
1159 2005 1405 2097 repraensatri·

390 2157 457 2227 ces,
477 2135 521 2206 ad
532 2133 680 2208 frontem
694 2107 833 2229 majoris
849 2137 957 2210 sancti
971 2138 1140 2230 sepulchri
1154 2139 1314 2212 ecclesiae
1325 2133 1406 2205 diri-

388 2271 491 2358 gitur,
515 2268 550 2337 in
578 2269 702 2359 medio,
733 2270 882 2359 inquam,
914 2269 1004 2342 illius
1026 2269 1162 2362 plateae
1187 2276 1240 2344 est
1270 2265 1404 2358 quidam

389 2421 489 2473 arcus
507 2398 661 2490 lapideus
680 2400 840 2491 antiquus
857 2401 951 2473 ultra
965 2402 1106 2475 eandem
1125 2405 1276 2496 plateam
1291 2401 1405 2471 incur·

388 2539 496 2623 vatus,
516 2532 580 2605 sub
609 2553 676 2624 qno
693 2533 813 2606 dicitur
839 2533 1067 2623 heatavirgo
1080 2533 1193 2605 Maria
1220 2555 1296 2605 curn
1314 2530 1404 2603 felici

388 2672 424 2737 ct
451 2667 554 2737 beata
569 2664 678 2776 'prole
706 2687 766 2738 sua
784 2666 894 2738 adhuc
920 2667 1064 2758 parvula
1092 2673 1128 2739 et
1148 2664 1291 2737 infantili
1309 2664 1402 2754 qnie-

388 2798 476 2871 vsse
504 2770 541 2870 e't
577 2797 689 2871 eidem
722 2799 774 2870 aa
804 2797 929 2870 ruinam
964 2798 1170 2888 praebuisse.
1227 2796 1404 2885 Quaeres

387 2904 561 3019 gesca‘ibi
588 2928 678 3002 lacta
704 2930 836 3023 pictura
863 2930 1074 3019 ostenditur,
1110 2936 1146 3003 et
1178 2928 1267 3000 idem
1295 2928 1401 3017 locus,

388 3060 749 3136 circumaedificatione
774 3062 988 3154 aliquantula
1005 3084 1026 3134 a
1042 3062 1176 3153 publico
1199 3081 1261 3133 usn
1282 3061 1404 3133 discre-

387 3200 451 3284 tus,
479 3194 552 3265 sine
581 3194 742 3267 ecclesiae
769 3195 983 3287 appositione
1013 3194 1223 3284 venerabilis,
1253 3194 1315 3266 suh
1344 3214 1401 3265 vc-

387 3325 564 3398 neratione
593 3325 708 3400 dehita
734 3328 880 3401 habetur
908 3334 944 3400 et
972 3327 1104 3400 colitur.

376 3494 383 3518 κ
467 3457 554 3530 Item
583 3458 626 3530 de
659 3460 772 3552 platea
804 3482 826 3532 a
858 3466 960 3552 porta
992 3481 1017 3532 s.
1053 3457 1233 3561 Stephani,
1277 3459 1404 3532 directa

386 3613 519 3666 sursum
560 3590 605 3662 ad
638 3592 727 3666 latus
764 3594 925 3667 ecclesiae
964 3595 1072 3666 sancti
1110 3594 1298 3687 sepulchri,
1337 3613 1405 3665 non

386 3725 526 3798 multum
565 3725 668 3814 longe
708 3726 750 3798 ab
790 3746 832 3798 ea
869 3747 986 3801 versus
1028 3726 1310 3819 septentrionem,
1353 3732 1405 3798 est
