3368 4650
1324 578 1355 644 ,7
1494 594 1505 615 ·

331 779 391 831 seu
420 758 588 834 delicatus
615 759 726 850 fragili
755 779 854 849 aevo,
884 761 1029 832 infantili
1057 767 1188 849 aetate,
1219 767 1356 833 teneros

329 894 479 987 corporis
506 895 616 969 adhuc
632 899 773 987 gereret
787 902 897 969 artus:
912 896 1024 969 subito
1051 897 1177 987 evenit,
1206 894 1352 967 utillum

330 1029 512 1101 triennium
552 1032 668 1122 gravis
710 1031 865 1120 corporis
904 1031 1119 1124 opprimebat
1159 1029 1348 1121 aegritudo,

327 1167 493 1252 tantaque
515 1171 675 1256 arreptus
692 1170 744 1235 est
758 1166 911 1255 corporis
939 1165 1109 1254 molestia,
1140 1170 1178 1238 ut
1206 1165 1350 1254 exiguae

328 1293 555 1365 membrorum
583 1296 833 1384 stringerentur
858 1318 1053 1388 compages,
1082 1305 1120 1371 et
1153 1298 1208 1370 vix
1244 1299 1279 1369 in
1308 1318 1350 1370 eo

328 1443 530 1513 permanens
557 1431 669 1497 status
696 1427 840 1499 vicinum
867 1431 1060 1502 minabatur
1088 1431 1182 1503 vitae
1211 1432 1348 1503 exitum.

330 1554 484 1647 Cumque
518 1555 607 1627 istud
643 1565 825 1631 cernerent
857 1568 956 1653 pater
991 1566 1026 1631 et
1061 1567 1189 1650 mater,
1225 1562 1353 1634 editum

328 1708 424 1759 suum
452 1693 686 1778 aegrotantem
710 1690 851 1781 jamque
879 1713 987 1784 usque
1020 1711 1110 1780 pene
1136 1693 1352 1782 seminecem,

333 1819 441 1891 timidi
486 1821 594 1893 extasi
643 1841 801 1912 novaque
851 1825 975 1895 mentis
1027 1825 1202 1897 moestitia
1253 1824 1352 1898 valde

328 1953 464 2041 retenti,
493 1974 623 2042 angere
651 1961 848 2045 coeperunt,
877 1956 969 2044 quod
989 1957 1139 2030 sobolem
1167 1978 1263 2030 suam
1290 1958 1352 2031 sibi

326 2086 485 2176 genitam,
514 2086 642 2158 recenti
670 2086 727 2158 lue
754 2086 912 2159 lassatam
938 2088 1135 2180 exitialique
1162 2088 1352 2161 discrimine

328 2244 369 2294 ex
398 2219 583 2310 improvisa
595 2225 705 2290 morte
719 2218 887 2292 irretitam
905 2219 1165 2311 foreviderunt,
1195 2221 1352 2310 etillum,

329 2376 431 2446 quem
458 2351 553 2444 prius
581 2351 624 2423 de
651 2352 878 2444 primordialis
904 2353 1067 2424 infantiae
1096 2352 1270 2425 cunabulis
1296 2353 1353 2429 ab·

327 2488 486 2560 lactatum
513 2492 619 2576 atque
647 2487 819 2557 coulotum
848 2485 1209 2578 usqueadtriennium
1224 2487 1353 2560 nutrie-

328 2623 412 2693 bant
439 2619 572 2710 illisque
598 2620 819 2710 superstitem
848 2624 884 2690 et
909 2620 1093 2693 haeredem
1109 2619 1238 2693 babere
1252 2624 1353 2710 opta·

328 2755 420 2843 bant,
444 2754 517 2845 jam
545 2751 639 2843 quasi
668 2751 855 2824 exanimem
883 2774 944 2825 seu
973 2754 1160 2825 extinctum
1183 2752 1353 2842 glebaque

331 2892 531 2976 coopertum
559 2884 679 2958 dolere
707 2885 890 2972 timebant,
925 2886 986 2958 sed
1005 2887 1220 2976 omnipotens
1247 2883 1351 2971 Deus,

329 3019 442 3091 mundi
475 3018 675 3106 fabricator,
705 3018 791 3089 coeli
825 3022 1007 3109 terraeque
1036 3018 1187 3099 limator,
1216 3037 1352 3087 servum

330 3174 428 3224 suum
435 3151 597 3224 namon
610 3158 645 3224 et
654 3150 766 3223 adbuc
778 3151 940 3224 inoletum
954 3148 1164 3239 anilibusque
1179 3148 1350 3220 membro

336 3308 409 3358 rum
443 3285 666 3378 compagibus
694 3291 850 3356 tenerum
884 3283 1148 3372 hominibusque
1185 3284 1350 3354 incertum

333 3418 426 3491 illum
455 3418 498 3491 de
526 3418 679 3511 corporis
696 3417 870 3507 ergastulo
898 3416 1009 3488 adhuc
1040 3415 1189 3487 educere
1204 3415 1353 3503 nolebat,

330 3551 391 3624 sed
425 3559 464 3624 ut
502 3551 617 3624 moltis
649 3558 769 3642 postea
802 3571 865 3642 per
893 3550 1010 3621 orbern
1038 3570 1100 3620 sua
1128 3568 1247 3619 norma
1274 3567 1355 3620 neo·

332 3684 445 3775 pbytis
472 3685 591 3777 patula
618 3684 787 3775 panderet
814 3684 902 3754 vitae
929 3681 1091 3773 praemia.
