3368 4650
1287 571 1488 655 aloa

327 759 517 839 nnlnnn
546 767 585 836 et
612 758 855 856 sculptoribus,
892 760 1011 835 volens
1042 756 1176 852 lapides
1211 759 1351 833 ornatos

326 898 483 991 anferre,
511 896 627 971 subito
654 917 795 990 serpens
821 896 1023 970 immodicus
1049 896 1224 970 inoandnit
1252 892 1351 969 etin

328 1035 458 1124 pariete
496 1033 658 1125 apparuit
695 1037 835 1123 reptans
876 1050 980 1123 snper
1011 1029 1144 1104 mbnlas
1183 1027 1349 1120 lapideas,

328 1164 482 1239 dividens
504 1165 601 1255 ipsas
628 1185 693 1257 per
715 1164 873 1255 medinm,
902 1165 999 1257 cnjus
1018 1163 1195 1255 hucusque
1212 1181 1352 1253 gremns

327 1297 361 1367 in
394 1298 549 1387 pariete,
587 1295 676 1367 siout
710 1295 796 1385 vidi,
835 1302 1001 1389 apparent
1033 1315 1137 1387 nsque
1171 1296 1217 1369 ad
1243 1294 1351 1367 altare

328 1428 429 1500 trium
463 1448 589 1520 regum
623 1427 715 1500 eirca
749 1429 928 1501 cisternam
962 1429 1185 1520 praedictam.
1253 1424 1351 1518 Quod

328 1578 490 1648 cernens,
529 1557 694 1631 soldanus
729 1558 888 1633 confusus
921 1561 1085 1636 discessit.
1142 1563 1183 1634 In
1219 1558 1351 1635 ambitu

327 1690 430 1782 hnjns
456 1691 662 1761 monasterii
690 1690 839 1762 alatore
864 1692 1031 1783 aquilonis
1049 1693 1271 1767 descenditur
1288 1712 1351 1784 per

330 1825 376 1894 19
411 1821 540 1910 gradus
575 1821 619 1891 ed
656 1822 836 1913 capellam,
888 1845 974 1914 qnae
1011 1824 1199 1897 studorinm
1240 1826 1351 1896 sancti

326 1952 528 2043 Hieronymi
558 1951 699 2043 dicitnr,
735 1952 791 2025 ubi
821 1957 869 2026 55
899 1957 995 2028 annis
1022 1962 1059 2029 et
1089 1976 1149 2029 sex
1176 1956 1350 2029 mensibus

325 2088 359 2160 in
391 2084 620 2158 translatione
658 2086 903 2177 seripturarum
938 2087 1126 2162 desudavit
1190 2088 1349 2162 Proxime

326 2221 401 2294 hino
425 2238 492 2310 per
517 2220 700 2290 maneriam
728 2219 772 2290 ad
799 2225 871 2291 tres
898 2241 1018 2312 passus
1034 2222 1069 2293 in
1089 2222 1236 2296 obscuro
1252 2223 1351 2314 juxta

325 2354 445 2442 altare,
475 2349 540 2422 sub
561 2369 728 2443 praesepe
745 2350 891 2444 Domini,
920 2355 1090 2427 adextris
1118 2362 1173 2429 est
1199 2356 1349 2428 tumulus

325 2487 410 2579 ejns,
439 2505 507 2576 quo
534 2483 646 2574 primo
675 2486 828 2577 sepultus
857 2492 943 2559 erat.
985 2485 1070 2559 Cum
1098 2495 1213 2561 antem
1242 2488 1350 2561 Terra

325 2617 447 2691 Sancta
460 2615 592 2688 tradita
619 2621 695 2687 erat
723 2619 757 2688 in
784 2639 902 2690 manns
929 2618 1136 2711 perfidorum
1163 2626 1213 2711 et,
1244 2618 1346 2693 Jeru-

325 2750 429 2823 salem
463 2767 533 2820 non
569 2747 721 2820 sentiens
755 2749 987 2841 defensorem,
1028 2770 1107 2822 ossa
1139 2753 1215 2845 ejus
1244 2770 1348 2823 vene·

324 2882 430 2954 randa
463 2878 634 2952 translata
668 2887 749 2952 sunt
776 2882 919 2954 Romam
951 2891 987 2955 et
1023 2883 1169 2971 plnrinm
1203 2883 1348 2954 eliorum

325 3019 532 3086 sanctornm.
591 3011 715 3085 Adhuc
757 3021 836 3086 sunt
874 3014 1047 3087 citeriores
1084 3035 1251 3120 cavernae
1285 3015 1372 3087 snb·

324 3148 414 3220 saxis
447 3144 676 3237 pendentibus
703 3164 724 3216 a
751 3147 914 3236 sinistris,
949 3147 983 3219 in
1017 3146 1136 3238 quibns
1170 3148 1350 3221 obfuscata

325 3287 360 3352 et
392 3279 596 3369 projecta
637 3281 736 3348 erant
777 3278 883 3349 multa
927 3300 1109 3371 corpora
1146 3280 1348 3352 innocen·

326 3412 439 3500 tium.

405 3544 498 3615 inter
524 3540 720 3615 Jerusalem
749 3547 784 3613 et
811 3541 1012 3616 Bethlehem
1044 3550 1121 3615 sunt
1155 3545 1245 3616 dnae
1272 3543 1345 3617 len·

327 3696 396 3764 one,
424 3676 459 3747 id
487 3680 553 3764 est,
584 3695 685 3746 nnnm
713 3675 855 3748 milliare
883 3677 1085 3750 alemanioae
1103 3679 1190 3765 viae,
1220 3678 1255 3747 in
1278 3697 1346 3766 qus

329 3808 383 3879 via
407 3806 517 3880 multa
543 3806 752 3898 mysterialis
785 3813 864 3881 sunt
895 3807 994 3881 iacta.
1055 3807 1141 3880 Nam
1168 3808 1344 3881 Abraham
