3368 4650
365 521 490 596 ,lot

421 734 499 803 tota
538 726 657 800 civitas
696 725 893 800 solemniter
928 725 1091 799 observat
1117 745 1195 798 cum
1220 725 1320 813 larga
1345 725 1437 798 elee-

420 877 643 949 mosynarum
668 856 703 928 in
730 856 851 946 maiori
880 857 1027 929 eeclesia
1053 855 1290 929 distributione
1316 857 1436 929 exsui

420 990 525 1084 ipniua
550 987 663 1062 adhue
688 988 835 1062 viventia
860 988 1091 1080 dispositione

499 1148 757 1238 Verumtamen,
782 1148 936 1239 qmmv’n
955 1148 1003 1220 sic
1026 1148 1154 1222 inidem
1173 1147 1217 1221 de
1241 1168 1305 1220 auo
1329 1148 1437 1223 hono-

418 1290 524 1372 reon,
554 1286 670 1353 tamen
698 1281 903 1373 expugnatio
930 1281 1077 1354 civitatis
1102 1302 1169 1354 non
1204 1282 1237 1355 ei
1262 1301 1340 1353 eum
1365 1283 1436 1356 ale·

418 1413 560 1503 manum
590 1434 658 1487 uon
685 1414 820 1487 minime
845 1414 883 1485 in
911 1434 954 1485 ea
980 1413 1193 1507 expeditione
1205 1412 1435 1488 labonnunue

418 1550 457 1621 at
483 1544 689 1636 exercitatis,
716 1547 778 1620 aed
804 1546 886 1619 eolis
917 1545 1118 1621 adsumitur
1142 1547 1280 1620 mancia
1334 1542 1434 1619 Unde

418 1679 521 1753 etiam
547 1676 764 1752 detractores
790 1686 927 1754 uoatrae
959 1669 1071 1772 genua
1101 1679 1311 1773 epitaphium
1344 1677 1434 1750 illius

416 1809 537 1884 famosi
564 1809 731 1923 wiggeri,
764 1832 830 1902 per
860 1813 969 1886 multa
994 1812 1097 1888 sortia
1128 1810 1218 1885 faeta
1242 1801 1431 1903 approbat,

416 1942 591 2037 quianon
619 1948 780 2034 poteraut
807 1966 884 2018 eum
908 1945 1080 2036 denegare
1105 1963 1181 2018 eene
1207 1941 1431 2031 alemannum,

415 2073 618 2148 deleverunt
643 2079 681 2148 et
708 2076 884 2170 cujusdem
914 2075 1107 2177 miiitie0da
1133 2073 1280 2147 Francia
1311 2089 1431 2160 super·

413 2209 620 2296 posueruut,
647 2206 735 2280 riout
760 2208 872 2279 adhue
889 2207 1159 2300 apraeaeutibua
1170 2203 1281 2278 videri
1299 2205 1428 2294 poteet;

413 2356 492 2409 uam
525 2338 603 2429 ejus
641 2337 872 2430 aaroophague
911 2345 1008 2412 erun
1047 2338 1081 2409 iu
1120 2336 1245 2427 angulo
1285 2330 1429 2424 quodam

412 2466 501 2541 iuter
527 2468 731 2560 majorem
758 2462 981 2543 eco'iesiam
1003 2475 1047 2543 et
1063 2465 1239 2542 sanctii
1246 2463 1429 2537 ohannis

412 2598 637 2691 Baptistae
658 2574 869 2690 'capellam
895 2601 1009 2675 adhuc
1033 2601 1137 2674 hodie
1163 2604 1300 2672 emtam
1324 2615 1427 2687 appu·

410 2737 482 2819 ret,
520 2730 637 2802 ddeto
668 2730 748 2804 inde
781 2732 918 2804 nomine
952 2752 1015 2804 suo
1048 2737 1087 2805 et
1115 2731 1270 2822 apposito
1303 2727 1424 2799 alieno.

409 2862 466 2935 Ad
493 2862 804 2952 comprobationem
831 2868 869 2936 et
894 2862 1057 2935 iudicium
1077 2863 1260 2951 despectus
1277 2858 1426 2930 unorum

408 3000 602 3067 nostrorum
630 2999 668 3066 et
693 2994 738 3066 ad
767 2995 1099 3068 ¹commendationem
1131 2991 1324 3065 franeorum
1354 2988 1424 3062 tale

408 3125 619 3216 epigramma
643 3125 687 3197 ad
713 3131 967 3200 mouumentum
993 3127 1029 3200 in
1048 3125 1159 3198 latere
1184 3128 1281 3196 extra
1297 3120 1425 3210 legitur

407 3254 622 3346 appositum:

458 3411 577 3484 Anno
605 3419 784 3487 centeno
811 3416 986 3490 milleno
1014 3438 1097 3510 quo
1124 3417 1258 3490 miuus
1283 3431 1362 3486 uno

460 3570 643 3661 virginis
676 3590 698 3641 a
729 3578 872 3664 partu,
911 3574 1097 3667 Domini,
1138 3575 1208 3668 qui
1248 3570 1419 3677 olaruit,

513 3706 628 3795 ortu,
