3368 4650
257 552 264 565 .
337 500 383 573 id

337 685 372 757 lu
406 682 505 777 eujus
536 678 651 753 medio
684 685 738 752 ast
764 687 887 774 crypta
912 680 975 754 sub
1002 698 1070 751 uno
1096 676 1229 770 lapide:
1261 681 1359 772 cujus

336 814 496 889 introitus
530 816 585 884 eat
618 832 640 883 a
666 812 828 903 meridie,
857 814 967 885 exitus
994 830 1078 884 vero
1105 809 1149 882 ad
1176 811 1355 902 orientem,

337 949 371 1023 in
399 966 467 1041 quo
494 943 686 1019 ostenditur
710 944 979 1037 praesepium
1005 943 1170 1016 Domini
1198 944 1241 1017 ud
1268 944 1356 1018 onai·

336 1081 476 1155 dentem
503 1077 607 1170 ipsius
634 1084 794 1170 cryptae3
822 1078 916 1151 loeus
943 1084 1069 1169 autem,
1097 1078 1132 1150 in
1159 1079 1358 1170 quoDomi·

336 1234 400 1288 nua
429 1212 552 1301 vagiit,
592 1216 645 1284 est
685 1210 939 1304 adorientem,
981 1213 1109 1287 habens
1135 1215 1260 1306 altare,
1299 1215 1357 1289 nbi

337 1345 553 1421 celebrantur
579 1344 711 1418 missae.
767 1344 875 1419 Juxta
906 1346 993 1421 hanc
1025 1348 1203 1422 ecclesiam
1235 1349 1357 1422 estad

334 1478 511 1555 meridiem
538 1479 725 1553 ecelesia
751 1479 974 1553 beatorum
995 1483 1354 1574 martyrnminno·

334 1613 524 1688 nuntium.
563 1612 725 1687 Milliario
753 1612 900 1704 denique
929 1635 997 1687 uno
1025 1636 1047 1687 a
1075 1614 1278 1689 Bethlehem
1297 1621 1353 1687 est

334 1747 634 1821 monasterinm
660 1754 853 1820 sanctorum
879 1718 1116 1840 pastorum,
1146 1749 1267 1840 quibus
1293 1769 1353 1819 an·

332 1880 431 1969 nolus
457 1878 491 1953 iu
518 1880 694 1954 rutinitute
723 1880 859 1952 Domini
887 1883 1056 1970 apparuit.

419 2015 478 2087 17.
513 2010 570 2085 Ad
596 2019 808 2103 postremum
835 2009 936 2082 XXX
963 2013 1162 2087 milliaribus
1188 2014 1233 2086 ab
1251 2013 1353 2088 Jem-

333 2146 438 2221 nalom
466 2149 521 2217 ost
546 2142 570 2217 J
576 2143 750 2217 ordonis
776 2143 821 2215 ad
850 2142 1029 2233 orientem,
1059 2166 1279 2237 superquam
1298 2152 1353 2219 est

333 2275 638 2350 turentiusterium
672 2274 812 2345 suncti
839 2273 1040 2345 Johannis
1066 2275 1259 2371 Baptistae.
1314 2278 1353 2349 In

332 2406 456 2501 quintus
483 2425 618 2496 quoque
646 2405 730 2477 locis
756 2405 864 2476 multa
890 2407 1080 2481 consistunt
1105 2411 1323 2482 monasteria.

419 2539 479 2612 18.
514 2535 581 2608 Est
616 2538 709 2607 inter
742 2537 827 2607 haee
861 2536 905 2607 ud
939 2539 1186 2613 occidentalem
1217 2543 1352 2634 plagam

333 2668 593 2760 llinrooolymae
645 2668 796 2740 civitatis
850 2668 1007 2741 milliario
1055 2694 1122 2743 uno
1167 2676 1354 2747 ecclesia

332 2809 506 2877 sanetae
533 2798 768 2890 Maniliae,
805 2802 838 2870 in
867 2822 934 2891 qua
966 2807 1048 2873 sunt
1074 2805 1180 2876 multa
1206 2827 1348 2898 corpora

331 2941 530 3027 nniortyrum,
560 2930 628 3021 qui,
656 2953 679 3002 a
703 2933 892 3005 sarracenis
910 2934 1092 3027 interlecti,
1120 2937 1163 3010 ab
1176 2938 1251 3028 ipsa
1270 2948 1347 3014 sunt

331 3068 376 3142 ibi
405 3067 588 3159 diligenter
616 3062 755 3135 conditi.

386 3203 446 3273 19.
481 3196 710 3269 Revertentes
751 3198 858 3288 igitur
897 3199 940 3271 ab
977 3200 1187 3295 Jerusalem,
1230 3216 1346 3282 sancta

328 3331 476 3420 civitate,
505 3328 656 3401 venimus
683 3329 728 3400 ud
754 3352 860 3423 mare,
889 3333 981 3422 quod
1015 3336 1180 3412 intrantes
1208 3343 1347 3433 naviga·

328 3464 436 3537 vimus
469 3461 533 3534 Lx
566 3462 638 3534 dies
673 3483 750 3535 enm
785 3466 941 3554 angustia
974 3468 1075 3542 valde
1102 3493 1244 3567 magna,
1279 3497 1346 3547 non

326 3595 492 3669 habentes
532 3603 670 3669 ventum
705 3618 875 3671 serenum.
932 3599 1087 3674 Tandem
1109 3614 1271 3679 exeuntes
1298 3608 1341 3680 de

325 3748 439 3815 mure,
484 3727 634 3800 venimus
669 3730 714 3801 ad
748 3738 932 3805 montem
966 3734 1168 3827 Aureum,
1205 3739 1262 3811 ubi
1290 3746 1345 3812 est
