3368 4650
1286 543 1353 611 103

330 727 381 803 ibi
414 728 512 821 pueri
545 725 700 799 tulerunt
734 744 865 815 munos,
903 724 1039 818 quando
1065 723 1233 799 Dominus
1260 721 1351 798 sedit

330 883 433 954 super
460 863 599 951 minam,
630 867 665 933 et
691 860 737 933 ibi
761 859 862 952 juxta
898 861 1060 955 templum
1089 859 1290 951 Salomonis,
1317 860 1353 932 in

331 994 457 1086 angulo
473 996 631 1083 civitatis,
651 1001 704 1068 est
718 993 910 1068 cubiculum
923 990 1167 1090 (cunabula)
1181 993 1352 1083 Christi,

330 1127 456 1199 lectum
489 1127 666 1216 genitricis
700 1133 738 1198 et
771 1126 947 1220 balneum,
982 1135 1020 1202 et
1054 1127 1101 1201 ibi
1137 1134 1192 1201 est
1217 1124 1354 1218 sepul·

330 1258 472 1329 chrum
499 1257 641 1329 sancti
670 1256 892 1332 Simeonis.

412 1388 541 1459 Contra
576 1390 762 1480 orientem,
793 1392 893 1482 juxta
927 1395 1108 1485 tempium,
1147 1401 1199 1467 est
1225 1401 1353 1485 porta

329 1521 504 1611 (aurea).
552 1521 608 1591 Ab
639 1520 798 1611 aquilone
833 1529 887 1595 est
919 1526 1147 1616 probatica
1173 1525 1351 1614 piscina,

329 1662 365 1725 et
390 1653 437 1724 ibi
464 1671 572 1744 propo
601 1657 653 1722 est
679 1662 826 1724 sancta
854 1656 973 1727 Anna
1001 1662 1178 1746 etputeus
1204 1656 1273 1745 ille,
1294 1656 1352 1727 ubi

329 1785 502 1877 peregrini
530 1783 669 1855 vadunt.
725 1783 833 1857 Juxta
866 1796 1017 1861 saneim
1045 1789 1180 1859 Annam
1209 1792 1262 1860 est
1289 1807 1352 1858 ec·

329 1918 465 1990 etesia
510 1923 684 1989 sanctae
725 1915 890 1990 Mariae
935 1918 1227 2010 MagdaIenae.
1294 1921 1351 1992 Ab

328 2051 487 2144 aquilone
522 2051 622 2141 juxta
659 2049 835 2135 ecclesium
872 2052 1045 2143 sepulchri
1081 2059 1133 2126 est
1166 2053 1351 2127 ecclesia

327 2185 462 2257 sancti
491 2180 654 2254 Karitotii
676 2180 969 2279 (charitonis).

412 2315 467 2388 Ad
500 2313 678 2388 meridiem
706 2322 761 2388 est
787 2339 902 2391 mons
930 2317 1044 2407 Sion,
1079 2318 1137 2390 ubi
1167 2317 1352 2391 ecclesia

329 2453 477 2525 formosa
503 2449 536 2521 iu
567 2446 696 2520 honore
724 2458 898 2524 sanctae
927 2451 1088 2524 Mariae
1117 2450 1257 2524 fundata
1284 2459 1350 2540 est,

327 2587 360 2657 in
389 2606 458 2676 qua
485 2584 587 2656 etiam
614 2581 776 2668 migravit
802 2583 847 2654 ad
875 2584 1016 2672 coelum,
1057 2584 1152 2676 cujus
1179 2585 1351 2657 sanctissi-

327 2739 417 2791 nrum
452 2737 571 2808 corpus
605 2716 638 2785 iu
674 2713 797 2785 vallem
831 2714 999 2806 iosaphat
1033 2723 1087 2787 est
1123 2717 1349 2808 deportatum.

327 2854 358 2924 Α
386 2852 523 2923 sinistro
552 2848 659 2920 latere
688 2846 779 2918 illius
806 2853 860 2919 est
886 2848 1026 2938 capella,
1057 2847 1114 2920 ubi
1142 2847 1206 2921 fuit
1233 2868 1350 2938 prae·

326 2985 483 3056 torium
518 2989 555 3053 et
589 2977 784 3075 (Christus)
816 2980 1009 3072 judicatus;
1049 3001 1071 3052 a
1106 2980 1226 3054 dextro
1267 3003 1350 3053 vero

325 3117 433 3188 lutere
461 3122 515 3186 est
542 3111 752 3201 Galilaea,
784 3112 840 3185 rubi
857 3113 1024 3186 Dominus
1041 3115 1202 3204 appamia
1219 3112 1349 3186 Simoni

328 3258 363 3321 et
388 3246 594 3320 mulieribus
646 3246 785 3318 Sursum
808 3246 908 3337 juxta
934 3246 1073 3320 chorum
1101 3255 1163 3338 est,
1195 3247 1252 3319 ubi
1280 3249 1348 3338 spi·

327 3383 413 3453 ritus
439 3388 575 3452 sanctus
603 3378 779 3451 descendit
812 3401 914 3471 super
940 3382 1134 3471 apostolos,
1166 3388 1203 3452 et
1231 3382 1264 3452 in
1292 3402 1348 3453 ea·

326 3515 403 3586 dem
431 3513 572 3585 ecclesia
600 3517 654 3584 est
679 3511 807 3601 tabula,
836 3533 938 3604 supra
965 3534 1066 3605 quarn
1080 3512 1238 3586 Christus
1265 3533 1346 3587 coe·

327 3649 438 3736 uouit,
474 3645 609 3737 quando
646 3644 748 3718 dixit:
811 3644 969 3737 Accipite
1002 3653 1034 3719 et
1068 3646 1249 3734 comedite,
1286 3646 1349 3719 hoc

326 3785 376 3853 cot
414 3801 538 3872 corpus
577 3800 699 3850 mm.
769 3776 818 3849 ut
856 3778 996 3854 interius
1036 3788 1089 3853 est
1134 3781 1245 3870 locus,
1292 3780 1348 3854 ubi
