3368 4650
1285 561 1350 630 lua

328 749 430 824 etiam
457 749 622 845 aperitur.
652 747 756 823 Circa
783 745 926 822 eandem
953 752 1089 842 portam
1118 743 1208 820 inira
1235 765 1351 820 muros

328 885 473 962 celebris
499 885 679 980 sepultura
705 884 852 959 habetur
878 888 1103 958 mortuorum.

407 1021 501 1096 Idem
527 1022 652 1095 atrium
669 1041 692 1093 a
712 1020 855 1093 meridie
880 1018 985 1094 habet
1005 1018 1159 1109 patulum
1173 1036 1349 1091 ascusam

329 1176 392 1249 per
418 1163 490 1229 tres
517 1174 662 1245 magnos
689 1174 789 1227 maus
816 1153 948 1228 duabus
975 1151 1137 1226 columnis
1151 1150 1351 1224 marmoreis

327 1290 536 1381 conjunctos,
565 1291 604 1359 et
631 1285 665 1357 in
694 1285 814 1358 eodem
841 1285 950 1359 latere
977 1284 1082 1358 habet
1102 1284 1204 1358 alium
1230 1304 1349 1358 acces-

325 1439 399 1492 sum
432 1419 539 1509 priori
571 1416 737 1489 latiorem
798 1420 854 1491 Ab
888 1419 1066 1493 occidente
1105 1437 1189 1491 vero
1230 1436 1350 1492 versus

327 1549 504 1641 civitatem
539 1547 717 1639 pulchrum
756 1548 861 1622 habet
898 1572 1085 1641 accessum,
1128 1555 1249 1641 patena
1285 1569 1351 1640 per

327 1687 474 1773 quatuor
500 1699 597 1751 arem
624 1679 733 1752 tribua
761 1682 921 1756 columnis
948 1681 1148 1755 marmoreis
1175 1681 1350 1754 continua·

327 1812 381 1885 tis
437 1810 492 1882 Ab
519 1810 681 1902 aquilone
708 1810 799 1883 idem
826 1813 950 1887 atrium
977 1818 1178 1902 angustatur
1195 1812 1231 1885 in
1248 1817 1349 1902 parte

328 1950 470 2036 propter
497 1942 751 2037 adjunctionem
780 1945 920 2018 claustri
947 1945 1177 2036 dominorum;
1206 1946 1240 2019 iu
1267 1946 1348 2019 reli-

328 2097 394 2169 quo
422 2075 573 2169 ejusdem
600 2048 719 2149 lateris
746 2079 829 2150 satis
855 2078 1033 2171 pulchram
1064 2080 1170 2152 habet
1195 2079 1349 2154 latitudi-

328 2231 405 2284 nem
432 2215 470 2282 et
496 2228 683 2292 accesmm,
730 2210 882 2285 Pulchra
909 2233 1045 2304 quoque
1074 2219 1110 2286 et
1135 2213 1219 2286 satia
1236 2213 1350 2303 ampla

330 2343 491 2435 planities
517 2344 695 2417 ameridie
714 2349 751 2414 ct
772 2345 949 2436 occidenti,
978 2346 1227 2437 aliquantulum
1242 2346 1348 2420 etiam

328 2497 447 2551 semna
472 2475 738 2567 septentrionem
766 2478 876 2551 udam
903 2481 993 2552 atrio
1012 2479 1199 2555 lorinsecus
1213 2479 1350 2572 adjacet

329 2611 362 2682 in
389 2610 502 2702 plano.

408 2742 505 2814 Haec
536 2742 722 2834 descriptio
756 2741 902 2832 praelati
937 2744 1054 2838 tempii
1094 2751 1131 2816 et
1157 2746 1348 2841 adjacentia

328 2876 391 2948 toci
420 2872 579 2966 sufficiat3
606 2875 733 2965 potiori
761 2896 828 2949 non
855 2876 1052 2951 invidemus.

180 3166 181 3169 ¹
329 3137 357 3202 t
390 3135 552 3203 Palatium
575 3133 765 3217 mononis,
788 3136 882 3204 aadea
894 3136 1148 3222 templariorum
1171 3135 1348 3220 stabulum,

394 3241 570 3324 hospitium
593 3241 749 3309 Simeonis
769 3243 864 3325 lusti,
887 3243 1009 3312 christi
1035 3241 1241 3310 incunabula

409 3405 444 3476 ln
473 3404 636 3477 descensu
670 3407 808 3499 majoris
840 3408 973 3500 plateae
1001 3415 1054 3479 est
1081 3413 1182 3497 porta
1210 3424 1346 3496 magua,

331 3558 395 3629 qua
430 3542 527 3628 patet
562 3539 722 3613 introitus
756 3539 790 3611 in
825 3540 907 3613 illud
935 3540 1040 3611 latum
1068 3539 1190 3611 atrium
1218 3538 1347 3631 templi.

331 3669 386 3743 Ad
403 3672 556 3745 dextram
574 3691 707 3744 manum
725 3692 846 3745 versus
864 3673 1037 3745 meridiem
1060 3677 1114 3744 est
1142 3673 1350 3764 palatium

330 3803 421 3895 illud,
451 3801 543 3895 qnod
571 3803 740 3895 quondum
768 3803 961 3877 Salomon
990 3804 1118 3877 (licitur
1131 3804 1347 3893 exstruxisse,

1136 3924 1157 3988 9
