3368 4650
1290 569 1363 640 rot

341 765 495 833 nostrum
520 755 632 831 amm
657 755 747 828 inde·
766 753 984 828 extrahentis.
1018 752 1128 828 Extra
1156 753 1220 825 hoc
1245 753 1363 826 utana

341 892 570 966 sanctuarinm
605 894 641 964 et
672 888 768 961 intra
800 889 941 962 claustri
974 888 1140 961 ambitum
1167 888 1362 962 continetur

339 1026 424 1098 satie
463 1025 570 1096 latum
610 1023 760 1112 epatium
793 1023 1059 1115 circumquaque
1096 1027 1167 1093 tam
1200 1041 1265 1110 per
1296 1020 1361 1094 noc

339 1177 483 1244 novum,
519 1174 621 1245 quam
654 1173 718 1245 per
751 1157 928 1248 antiquum
961 1152 1112 1247 praefati
1151 1152 1359 1226 monumenti

341 1284 534 1356 aedificium
560 1285 767 1375 processioni
794 1286 967 1377 idoneum,
997 1308 1087 1377 quae
1115 1292 1152 1358 et
1179 1283 1220 1357 fit
1245 1286 1358 1376 ningo·

337 1415 379 1487 tia
407 1414 582 1487 dominicis
615 1416 769 1488 nouiooa
802 1439 824 1488 a
855 1420 982 1509 puecha
1015 1438 1124 1509 usque
1157 1417 1201 1490 ad
1231 1418 1356 1490 adron·

336 1555 409 1617 tum
436 1545 573 1617 Domini
607 1545 641 1616 n
674 1549 826 1636 vespero
861 1549 903 1621 no
938 1557 1093 1625 socom
1126 1531 1354 1642 sepulchrum,

335 1698 411 1749 cum
445 1676 642 1765 antiphona:
684 1674 846 1751 Maon
879 1702 1084 1771 reserpere,
1128 1682 1227 1772 cujus
1253 1681 1355 1753 etiam

333 1806 538 1899 antiphonae
565 1812 677 1879 textus
703 1814 802 1880 extra
828 1810 861 1882 in
890 1819 1043 1884 extremo
1061 1811 1213 1900 margine
1235 1831 1354 1883 monn·

333 1937 439 2013 menti
467 1937 589 2011 litteris
614 1939 648 2011 in
675 1944 822 2028 argento
850 1941 992 2015 elevetis
1006 1942 1210 2015 continetur.
1239 1941 1353 2014 Finita

334 2093 377 2145 ea
410 2069 596 2162 antiphona
626 2090 689 2162 per
716 2076 872 2162 cantum,
915 2080 1035 2145 cantor
1069 2074 1184 2146 statim
1216 2073 1350 2163 incipit:

338 2200 486 2294 Vespere
512 2207 729 2294 cateneto,
761 2223 838 2276 cnm
864 2206 1011 2296 pemmo:
1052 2202 1279 2296 Mapooisscot,
1314 2209 1351 2278 et

332 2357 410 2410 cum
457 2332 600 2405 collecta
647 2335 690 2408 de
731 2337 998 2410 resurrectione:
1071 2334 1350 2429 Omnipotens

329 2466 612 2557 sempiterne,
639 2467 1023 2558 praemiuaovemiculo:
1053 2466 1347 2542 SurrexitDo·

329 2598 464 2671 minna
498 2596 547 2669 de
579 2596 656 2669 hoc
680 2599 928 2689 sepulchro.
992 2599 1159 2674 Similiter
1190 2619 1255 2691 per
1280 2598 1346 2670 noc

328 2738 462 2822 tempus
514 2728 604 2800 omni
657 2729 713 2802 (iio
770 2731 939 2803 dominico
993 2733 1096 2803 missa
1143 2729 1347 2802 celebratur:

326 2861 573 2938 Resurrexi.

327 3147 376 3214 ut.
409 3145 591 3212 Glanum
613 3142 828 3222 dominorum.
857 3147 976 3230 crypta
1003 3160 1074 3210 cnm
1103 3143 1210 3212 altare
1235 3160 1261 3208 a.
1286 3141 1343 3210 Ee·

415 3248 519 3329 lonae,
540 3249 736 3318 muneratio
758 3249 910 3318 molatae
939 3267 966 3315 ι.
995 3247 1176 3331 reputaturi,
1204 3249 1345 3331 quatuor

412 3352 546 3431 altana
569 3353 684 3422 ahorne
699 3353 909 3434 dominorum,
932 3354 1090 3422 omnmo
1108 3354 1344 3421 mammonam

414 3462 449 3526 et
471 3457 662 3527 uncorum

376 3647 415 3719 ln
442 3647 554 3739 capite
581 3646 682 3720 etiam
709 3646 865 3738 ejusdem
893 3646 1056 3720 eccleciae
1085 3665 1196 3718 novae
1224 3665 1341 3719 reram

322 3778 506 3871 orientem,
547 3778 647 3872 jnxta
684 3777 925 3852 cleuetrum
967 3777 1250 3868 dominorum,
1291 3781 1341 3850 eet
