3368 4650
341 525 418 614 ²⁶⁸5:

355 731 360 738 ·
418 701 490 773 Sub
511 704 570 773 19.
591 676 726 790 quadro
746 697 885 786 ponitur
911 695 987 768 boc
1006 697 1137 786 signum
1159 698 1217 786 b,
1247 701 1286 770 91
1309 704 1363 771 est

338 836 443 922 locus,
472 831 531 903 ubi
556 829 721 904 Dominus
747 835 894 919 quatuor
919 827 1025 899 millia
1052 828 1258 920 populorum
1284 801 1362 921 999-

338 972 410 1061 tem
438 963 583 1055 panibus
610 959 786 1035 saturavit.
834 959 904 1033 Sub
933 963 994 1032 19.
1016 961 1146 1052 quadro
1171 963 1271 1056 juxta
1296 962 1363 1035 hoc

337 1101 471 1191 signum
490 1099 547 1170 ·V.
574 1096 670 1185 parit
686 1093 852 1166 Dominus
880 1095 1031 1185 quinque
1057 1095 1163 1167 millia
1189 1094 1360 1168 bominum

337 1234 485 1330 quduque
510 1229 667 1320 panibus,
686 1227 773 1299 91991
795 1227 957 1300 scribitur
967 1227 1046 1301 Job.
1067 1232 1101 1310 6,
1141 1227 1210 1302 Sub
1230 1229 1365 1320 quadro

340 1369 400 1439 19.
430 1367 520 1435 circa
557 1360 624 1431 boc
655 1359 843 1450 signunc
878 1362 1030 1434 centurio
1058 1363 1263 1457 supplicavit
1296 1385 1360 1457 pm

335 1519 454 1592 servo
472 1516 545 1567 suo.
614 1493 743 1567 Ibidem
775 1492 944 1568 Dominus
975 1496 1151 1570 mundarit
1188 1499 1358 1591 leprosum

331 1632 433 1723 juxta
454 1650 548 1701 mare
572 1626 757 1701 Galilaeae.
798 1627 913 1720 Propo
942 1628 1239 1720 Kapharnaum
1268 1633 1359 1705 Mat·
1392 1690 1395 1697 .

334 1764 473 1853 thaeus,
519 1762 692 1850 Andreas,
739 1758 879 1852 Petrus,
916 1760 1067 1834 Jacobus
1110 1770 1145 1836 et
1182 1764 1358 1838 lohannes

335 1871 447 1969 uocati
475 1896 615 1966 suntin
642 1893 846 1985 apostolatu.
894 1891 964 1966 Sub
994 1898 1055 1967 21.
1080 1898 1208 1987 quadro
1223 1896 1357 1968 Petrus

334 2037 370 2102 91
390 2029 547 2100 Andreas
575 2030 612 2099 et
635 2025 811 2118 Philippus
838 2033 919 2097 sunt
946 2027 1179 2101 aBethsaidu.
1223 2027 1304 2100 Job.
1320 2031 1354 2098 1.

333 2171 370 2235 et
398 2165 459 2234 12.
516 2157 586 2231 Sub
617 2161 678 2230 36.
707 2157 834 2248 quadro
862 2162 919 2230 est
947 2157 1264 2250 Machaeruntn,
1297 2158 1355 2232 ubi

333 2292 517 2366 decollatus
546 2298 598 2361 est
624 2288 795 2364 Jnhannes
822 2288 990 2380 Baptista.

415 2425 616 2513 Stagnum
637 2421 781 2493 Maron
808 2428 966 2510 tompore
992 2423 1123 2496 aestivo
1142 2443 1205 2512 pro
1233 2440 1354 2509 magna

332 2567 433 2651 parte
466 2557 671 2628 exsiccatur.
728 2552 824 2626 Unde
858 2560 1019 2625 crescunt
1060 2555 1106 2627 ibi
1145 2554 1283 2625 arbusta
1318 2558 1353 2623 et

331 2693 458 2764 herbae
486 2688 632 2776 densae,
666 2689 700 2759 iu
728 2687 845 2777 quibus
872 2685 1011 2756 latitant
1042 2687 1160 2757 leones
1196 2693 1231 2755 et
1264 2683 1352 2755 91199

331 2823 480 2909 bestiae,
515 2827 550 2891 91
584 2830 663 2892 9991
702 2818 748 2890 ibi
787 2817 1005 2890 delectabiles
1045 2819 1254 2890 venationes.
1312 2815 1350 2887 ln

330 2947 464 3017 modica
492 2944 656 3024 distantia
690 2971 808 3024 versus
843 2949 1034 3040 aquilonem
1072 2950 1202 3037 signavi
1239 2949 1348 3020 locum

330 3097 404 3148 cum
438 3081 567 3171 gladio,
614 3085 671 3157 ubi
708 3081 815 3154 Josue
861 3082 1029 3171 pugnavit
1076 3088 1197 3153 contra
1234 3101 1352 3170 regern

331 3211 441 3301 Assur
469 3221 503 3282 ct
531 3216 615 3287 alios
645 3219 695 3285 24
723 3220 841 3303 reges,
872 3234 957 3304 quos
984 3219 1186 3302 persecutus
1215 3220 1268 3286 est
1295 3234 1351 3284 us·

329 3364 396 3435 que
416 3344 576 3418 Sidonem
605 3349 778 3435 geminato
806 3345 861 3418 die
890 3353 926 3416 et
957 3346 1030 3418 sole
1057 3352 1181 3418 stante.
1238 3343 1349 3417 Unde:

331 3448 455 3550 Gloria
491 3477 622 3551 Liboni
657 3483 687 3551 et
721 3476 821 3550 deum
857 3476 1010 3549 Corraeli
1044 3483 1076 3549 et
1116 3475 1232 3552 Soron
1265 3479 1349 3550 doto

328 3616 377 3681 est
410 3611 451 3681 ei.
496 3611 541 3682 19.
572 3615 633 3683 95.
695 3612 728 3681 Α
759 3609 884 3682 Sidone
917 3616 1039 3682 contra
1072 3614 1265 3702 aquilonem
1305 3611 1348 3682 ad

330 3742 412 3812 duas
431 3742 543 3813 dietas
563 3748 662 3813 extra
680 3741 818 3812 Terram
837 3718 1007 3830 Sanctum,
1037 3745 1071 3813 in
1093 3750 1191 3833 porta
1215 3740 1347 3833 (portu)

1016 4416 1200 4580 fx
