3368 4650
334 423 379 489 88

330 627 394 678 nos
420 602 517 676 solidi
545 608 582 674 et
602 602 651 675 VI
679 601 807 675 denarii
835 598 963 671 faciant
989 592 1082 683 apud
1109 592 1185 663 illos
1205 592 1260 663 111
1274 592 1354 666 soli·

263 817 268 823 ,
332 736 394 807 dos
428 740 464 827 et
494 735 549 807 111
582 734 747 807 denarios.
802 733 899 805 Haeo
933 723 1145 799 Alexandria
1175 723 1262 795 mari
1294 724 1355 796 ad-

329 868 434 959 jacet,
463 866 497 938 in
527 885 596 956 qua
623 866 823 956 praedicans
858 866 998 934 sanctus
1025 857 1194 930 Marcus
1220 856 1353 928 Evan-

218 982 221 989 ’
336 999 495 1091 gelista
529 998 636 1088 gessit
671 995 869 1087 pontificale
905 991 1062 1065 officium.
1119 989 1231 1062 Extra
1258 991 1355 1085 cujus

333 1138 468 1225 portam
507 1131 705 1203 orientalem
746 1135 816 1202 esta
843 1127 1147 1199 monasterium
1186 1125 1353 1217 praedicti

332 1265 449 1353 sancti,
477 1264 512 1335 in
539 1283 607 1355 quo
634 1269 712 1334 snut
737 1261 891 1334 monaehi
907 1259 998 1353 apud
1016 1260 1204 1350 eeclesiam,
1234 1261 1268 1331 in
1284 1281 1353 1352 qua

335 1396 430 1488 prius
456 1396 529 1488 ipse
557 1396 736 1487 requievit.
793 1393 980 1467 Venientes
1013 1414 1097 1466 vero
1125 1393 1255 1466 venetii
1291 1415 1351 1466 na-

334 1529 425 1619 vigio
453 1530 605 1602 tulerunt
630 1529 748 1602 furtim
776 1549 896 1621 corpus
923 1548 944 1598 a
971 1526 1111 1600 custode
1128 1527 1202 1618 ejus
1227 1531 1265 1599 et
1292 1493 1381 1599 des

334 1666 564 1753 portaverunt
590 1663 633 1736 ad
661 1682 757 1735 suam
784 1662 939 1734 insulam.
969 1654 1079 1732 Extra
1104 1665 1238 1751 portam
1266 1661 1352 1733 oooi·

229 1797 238 1814 ‘
333 1794 503 1867 dentalem
546 1799 600 1867 est
639 1796 955 1883 monasterium,
1004 1792 1095 1885 quod
1136 1791 1258 1864 dicitur
1302 1793 1351 1865 ad

333 1931 508 1999 sanctos
540 1926 628 2017 XL,
664 1928 698 1998 in
735 1949 802 2019 quo
837 1926 994 2000 similiter
1024 1926 1181 2030 monaehi
1209 1925 1349 2014 degunt.

337 2057 394 2131 Ab
421 2059 579 2150 aquilone
608 2064 660 2132 est
693 2067 813 2151 portus
838 2058 928 2129 illius
962 2059 1128 2146 civitatis3
1161 2057 1350 2129 ameridie

333 2189 439 2262 babet
466 2190 640 2262 introitum
669 2190 758 2264 Gion
785 2191 857 2263 sive
884 2190 1026 2281 Nilus,
1062 2192 1121 2280 qui
1152 2191 1244 2281 rigat
1271 2189 1350 2261 Ae·

333 2322 522 2412 gyptum,
552 2325 589 2391 et
615 2321 720 2393 currit
745 2343 810 2414 per
836 2322 980 2394 mediam
1009 2324 1190 2412 civitatem,
1218 2322 1349 2392 intrans

331 2452 366 2522 in
393 2470 487 2524 mare
514 2452 550 2522 in
576 2452 756 2543 praedicto
783 2459 897 2546 portu.

413 2586 449 2655 7.
479 2585 519 2655 In
547 2582 637 2674 quod
662 2585 832 2658 intrantes
850 2587 1085 2676 navigavimus
1111 2585 1157 2657 ad
1170 2583 1346 2657 meridiem

332 2714 450 2787 diebus
477 2715 539 2806 VI,
568 2722 604 2788 et
631 2717 783 2790 venimus
806 2718 852 2791 ad
879 2717 1155 2810 Babyloniam
1180 2717 1343 2807 Aegypti,

330 2845 388 2919 ubi
414 2847 576 2935 regnavit
602 2845 771 2938 quonda'm
797 2849 940 2943 pharao,
968 2872 1040 2941 rex,
1069 2850 1131 2923 sub
1160 2867 1227 2939 qno
1254 2846 1344 2919 aedi·

327 2977 443 3050 beavit
468 2975 597 3069 Joseph
622 2977 693 3051 VII
720 2979 847 3054 horrea
877 2983 989 3056 adhuc
1017 2982 1197 3055 manentia
1252 2978 1344 3051 Dum

333 3109 497 3182 exivimus
533 3113 649 3182 nutem
684 3111 721 3181 in
755 3111 997 3205 Babyloniam,
1044 3112 1200 3187 custodes
1239 3113 1343 3204 ipsius

330 3238 478 3312 civitatis
511 3239 722 3314 deduxerunt
754 3264 815 3316 nos
854 3244 899 3317 ad
932 3246 1133 3338 principem,
1170 3246 1228 3335 qui
1255 3245 1343 3319 dioe-

330 3370 431 3442 batur
455 3368 707 3463 Adelbacham,
743 3394 957 3468 samaoenrm,
987 3379 1045 3469 qui
1072 3377 1263 3450 scissitatus
1291 3385 1342 3451 est

327 3501 471 3576 anobis
497 3523 596 3576 omne
628 3506 805 3593 negotium
830 3502 936 3581 nostri
962 3508 1113 3600 itineris,
1148 3508 1192 3581 de
1221 3512 1341 3601 quibus

330 3631 457 3724 scripta
476 3634 679 3710 haberemus
694 3637 916 3732 principibus.
941 3639 1017 3732 Qna
1030 3642 1074 3713 de
1101 3662 1201 3717 cansa
1227 3650 1339 3718 osten·
