3368 4650
338 495 382 562 90

338 677 484 750 mittitur
514 674 551 747 in
578 696 767 769 carcerem,
805 680 914 753 donec
949 682 1009 751 aut
1035 675 1100 751 Dei
1134 675 1266 766 pietate
1291 694 1356 767 per

337 808 494 899 angelum
521 827 618 881 sunm
645 808 821 904 liberatur,
850 819 910 887 aut
936 813 980 887 ab
999 813 1073 887 aliis
1088 806 1354 885 honischristia-

336 943 388 1016 nis
415 940 605 1015 redimitur.

418 1080 454 1148 a.
492 1077 562 1150 iuis
588 1077 637 1149 iia
663 1096 701 1150 se
727 1061 939 1171 habentibus,
968 1081 1153 1155 redivimus
1166 1082 1353 1152 rationum

335 1232 399 1304 per
425 1210 564 1283 fluvium
580 1209 679 1302 Gion‚
709 1218 746 1284 et
772 1211 970 1286 devenimus
996 1216 1042 1288 ad
1062 1214 1236 1288 civitatem
1256 1208 1352 1285 Siti·

206 1360 212 1369 '
334 1343 456 1416 math.
525 1343 578 1417 De
616 1341 777 1416 Sitimnth
817 1347 989 1437 progressi
1024 1369 1140 1421 sumus
1184 1344 1228 1419 ad
1269 1343 1353 1418 Μο-

333 1476 458 1570 halla,
486 1475 530 1550 de
551 1475 702 1551 Mohalla
730 1477 1084 1555 transfretavimusad
1110 1478 1350 1568 Damiatem,

336 1632 424 1704 qnae
451 1610 556 1686 habet
582 1608 624 1684 ab
652 1611 809 1703 aquilone
836 1633 949 1705 mare,
987 1636 1029 1687 ex
1057 1614 1211 1688 omnihus
1238 1617 1352 1684 autem

331 1743 486 1836 partibus
518 1744 643 1818 flumen
679 1743 812 1836 Nilum,
844 1754 988 1837 excepta
1013 1747 1186 1838 paucitate
1223 1752 1351 1817 terrae.

332 1876 417 1948 Inde
445 1877 679 1967 navigavimus
705 1879 750 1951 ad
777 1879 952 1952 civitatem
964 1878 1103 1969 Tanis,
1133 1879 1168 1950 in
1189 1899 1256 1971 qna
1273 1881 1352 1950 sunt

332 2010 506 2083 christiani
532 2011 674 2082 multum
701 2013 861 2103 religiosi,
885 2011 1124 2102 hospitalitate
1151 2010 1255 2083 nimia
1280 2007 1350 2083 fer·

333 2147 465 2215 ventes.
530 2141 626 2216 Haeo
657 2148 774 2215 autem
811 2142 931 2216 civitas
963 2144 1050 2217 nihil
1083 2144 1187 2217 habet
1222 2148 1346 2230 terrae,

332 2278 476 2363 excepto
504 2273 562 2347 ubi
588 2278 668 2346 sont
695 2253 888 2366 eeclesiaes
902 2281 938 2348 et
965 2275 1244 2350 ubimonstratnr
1258 2293 1347 2346 nam-

330 2426 396 2497 pus
423 2406 568 2498 Taneos,
595 2405 629 2477 in
657 2426 725 2497 quo
747 2408 879 2500 jacent,
908 2408 1013 2481 trium
1036 2410 1144 2483 instar
1160 2425 1346 2496 murorum,

331 2559 476 2631 corpora
503 2560 630 2629 eorum,
659 2539 717 2630 qni
744 2540 959 2614 exterminati
975 2545 1219 2632 sunttempnre
1234 2537 1346 2611 Moisi.

413 2675 448 2744 9.
477 2673 531 2747 De
578 2671 681 2745 Tanis
723 2674 880 2746 venimus
923 2673 966 2746 ad
1010 2674 1181 2745 civitatem
1224 2671 1349 2744 Fara·

329 2826 468 2879 meam.
530 2806 582 2879 lbi
622 2809 677 2878 est
711 2805 906 2878 eeclesia
939 2807 974 2877 in
1008 2805 1139 2877 honore
1172 2809 1349 2876 sanctae

332 2936 497 3011 Mariae
524 2939 559 3009 in
586 2935 744 3028 loeo‚‘ad
772 2958 884 3029 quem,
913 2937 1037 3029 angelo
1064 2939 1233 3025 monente,
1262 2932 1350 3026 iugit

328 3069 459 3160 Joseph
486 3091 561 3143 cnm
587 3090 695 3162 puero
724 3075 759 3143 et
784 3074 909 3147 matre.
964 3071 1005 3142 In
1040 3069 1105 3141 hae
1132 3066 1269 3140 civitate
1295 3075 1350 3143 est

331 3203 515 3275 multitudo
556 3202 778 3293 camelorum,
830 3223 916 3294 qnos
956 3202 999 3273 ab
1040 3200 1158 3273 incolis
1200 3201 1350 3290 regionis

329 3335 420 3408 illius
446 3337 570 3427 pretio«
588 3335 701 3407 locant
727 3334 882 3409 advenae
909 3333 953 3405 ad
979 3333 1124 3407 ferenda
1157 3334 1219 3405 sihi
1247 3354 1351 3407 onera

327 3455 472 3561 propter
511 3466 702 3559 desertum,
745 3466 837 3559 quod
877 3466 982 3540 habet
1015 3465 1082 3539 iter
1120 3466 1250 3540 diemm
1284 3466 1346 3541 VI.

327 3601 440 3694 Hujus
468 3600 596 3675 deserti
623 3601 781 3674 introitus
808 3620 829 3671 a
851 3599 1030 3692 praedicta
1057 3600 1194 3673 civitate
1214 3599 1346 3691 incipit.

328 3733 381 3806 Et
413 3732 501 3808 hene
535 3734 705 3810 desertum
732 3732 873 3825 dicitur,
910 3731 1069 3825 quoniam
1101 3753 1167 3807 neo
1191 3731 1343 3824 herbam,
