3368 4650
387 477 453 547 1⁷0

438 681 514 750 per
556 677 676 748 quam
717 658 808 728 vita
851 658 982 731 datur'
1021 655 1250 746 mundique
1289 653 1403 726 salus

490 791 734 880 reparatur.

465 919 521 994 Ex
547 925 645 1013 parte
673 920 808 993 sinistra
833 919 946 1010 imago
973 919 1174 1012 Hieronymi
1205 918 1291 992 huuc
1319 939 1403 991 cou-

386 1058 473 1131 tinet
496 1053 708 1146 scripturum.

469 1187 682 1260 Monstratur
703 1190 816 1258 autem
835 1184 1049 1277 sepulchrum
1075 1189 1160 1281 ejus,
1188 1187 1403 1262 cernentibus
1471 1206 1473 1211 ·

385 1319 614 1411 innisusque
633 1319 669 1390 in
687 1338 848 1410 praesens
867 1319 903 1391 in
920 1320 1009 1393 vallo
1029 1318 1207 1414 Josaphat
1225 1321 1259 1393 in
1277 1321 1400 1412 medio,

387 1453 446 1526 ubi
473 1454 509 1524 in
535 1452 609 1545 ejus
637 1452 768 1526 honore
795 1451 961 1526 fabricata
988 1459 1041 1529 est
1067 1455 1213 1530 eeclesia
1238 1456 1324 1528 miro
1350 1456 1403 1528 la·

387 1587 489 1680 pideo
516 1586 693 1678 tabulatu,
727 1586 762 1657 iu
789 1606 856 1677 qua
881 1588 1016 1680 sepulta
1040 1587 1144 1664 fuisse
1176 1589 1219 1664 ab
1246 1589 1403 1662 omnihus

386 1719 582 1795 affirmatur.
625 1721 666 1793 In
685 1720 806 1792 dextra
826 1740 910 1793 vero
930 1721 1083 1815 ejusdem
1102 1722 1262 1796 introitus
1287 1722 1401 1813 imago

383 1856 476 1932 beati
502 1854 620 1928 Basilii
648 1855 802 1926 continet
827 1854 928 1926 haec:

543 1987 698 2061 Matris
726 1985 892 2060 Christi
919 1987 1133 2078 dignitate

546 2126 588 2193 et
615 2119 785 2193 excelsa
810 2123 1035 2212 potestate

544 2256 612 2324 est
638 2253 842 2341 repertus
867 2249 1081 2344 Julianus,

544 2405 694 2457 saevus
720 2382 855 2456 hostis
882 2388 924 2454 et
950 2382 1175 2489 profanus;

544 2538 634 2590 uam
656 2512 898 2591 defunctum
918 2513 1029 2588 huno
1050 2519 1305 2608 prostravit,
1362 2578 1364 2582 ,

545 2651 660 2724 siout
686 2652 819 2719 mater
844 2647 1087 2739 imperavit.

546 2780 780 2856 Salvatrici
807 2780 863 2852 sit
889 2779 1065 2869 reginae
1101 2766 1109 2777 ⁸

545 2919 637 2989 laus
665 2920 707 2988 et
732 2912 870 2986 honor
896 2912 987 2985 siue
1014 2911 1116 3002 fine,

547 3067 653 3141 quae
682 3045 817 3134 elegit
842 3046 910 3117 hio
935 3043 1108 3116 humari.

467 3181 564 3256 Haec
603 3187 638 3252 et
674 3179 742 3251 alia
773 3176 920 3270 plurima
953 3176 999 3248 ad
1031 3175 1167 3249 laudem
1194 3176 1335 3265 virginis
1369 3177 1403 3248 in

387 3318 528 3391 introitu
556 3317 698 3407 cryptae
731 3332 795 3402 per
820 3311 991 3402 picturam
1025 3311 1103 3381 suut
1135 3310 1307 3400 apposita3
1343 3308 1405 3384 sed

389 3450 540 3525 interiori
565 3451 668 3541 parte
695 3446 731 3517 in
757 3441 947 3536 parietibus
974 3439 1055 3512 hino
1087 3441 1168 3513 iude
1200 3443 1292 3516 eirca
1317 3448 1405 3515 tum·

390 3585 467 3658 bam
494 3579 717 3657 existentibus
748 3580 785 3650 et
811 3576 845 3648 in
872 3572 1026 3666 laqueari
1053 3573 1129 3648 talis
1156 3577 1325 3667 scriptura
1351 3579 1405 3649 ost

393 3718 561 3810 apposita,
600 3714 635 3784 in
671 3711 789 3784 dextro
828 3707 979 3803 pariete:
1020 3706 1159 3781 Maria
1189 3708 1311 3799 virgo
1345 3728 1405 3780 as·
