3368 4650
339 494 403 564 126

336 678 500 771 quinque,
541 679 781 766 praeterquam
821 674 880 747 ubi
917 679 998 746 suat
1024 673 1117 745 ostia
1142 673 1279 766 templi,
1316 675 1351 748 iu

335 809 455 900 quibus
482 811 629 896 quatuor
656 810 787 876 tantum
802 807 1019 878 continentur
1039 803 1219 896 fenestrae,
1247 811 1354 879 etest
1411 911 1415 916 Ι

334 958 464 1013 summa
496 958 613 1010 eanum
648 938 790 1027 triginta
823 958 896 1008 ser.
953 939 1046 1010 luter
1079 939 1180 1011 istum
1207 940 1354 1011 exteriu-

333 1095 408 1147 rem
440 1072 475 1143 in
509 1071 648 1143 circuitu
686 1068 852 1161 parietem
892 1077 929 1143 et
962 1072 1144 1145 interiores
1181 1073 1353 1146 calumnas

333 1224 541 1278 marmoreas
567 1209 603 1276 et
629 1219 778 1293 magnas,
807 1223 895 1293 quae
910 1225 1052 1277 numeru
1070 1212 1150 1278 sunt
1176 1206 1352 1280 duodecim

333 1346 369 1412 et
400 1341 594 1409 sustentant
624 1335 719 1407 illum
760 1335 957 1410 interiorem
996 1344 1033 1410 et
1073 1339 1281 1413 strictiorem
1317 1345 1353 1411 et

333 1471 510 1545 elatiorem
538 1476 574 1542 et
599 1470 735 1561 penitus
761 1470 944 1544 rotundum
956 1473 1134 1565 parietem,
1164 1475 1220 1566 qui
1248 1475 1351 1548 habet

332 1606 513 1679 duodecim
545 1604 729 1692 fenestras,
765 1606 948 1696 suppositis
984 1608 1087 1680 etium
1114 1608 1178 1681 sibi
1205 1613 1351 1699 quatuor

333 1738 508 1830 quadratis
535 1738 686 1827 basibus,
725 1736 818 1808 inter
844 1737 949 1832 huuc,
988 1740 1143 1831 inquam,
1183 1747 1219 1811 et
1257 1739 1348 1810 illum

332 1878 411 1944 sunt
443 1869 588 1944 sedecim
621 1869 794 1941 columnae
830 1877 866 1942 et
899 1878 975 1943 actu
1010 1872 1110 1942 bases
1142 1891 1217 1943 cum
1244 1870 1385 1962 quad?

331 2005 417 2077 ratis
443 2002 613 2094 lapidibus
630 2004 835 2093 sicumareis,
858 2023 932 2074 cum
948 2004 1057 2095 spatio
1074 2007 1156 2073 octa
1179 2023 1346 2095 passuum,

331 2136 451 2208 abhinc
485 2139 521 2204 et
554 2133 633 2206 inde
666 2139 894 2206 sustentantes
927 2139 1056 2205 tectum
1083 2132 1230 2204 aredium
1258 2134 1348 2204 inter

332 2265 555 2355 exteriorem,
610 2268 764 2337 latiarem
823 2267 989 2356 parietem
1045 2269 1083 2337 et
1138 2265 1345 2355 interiorem,

329 2398 556 2488 strictiorem,
591 2419 665 2470 cum
699 2396 937 2488 pulcherrimis
971 2397 1152 2489 laqueariis
1180 2417 1284 2486 supra
1310 2418 1346 2469 se

329 2531 432 2603 etiam
454 2529 554 2621 juxta
582 2535 710 2602 tectum
737 2530 851 2601 lacum
875 2530 1179 2603 deanrbulatnrium
1207 2533 1346 2603 circum-

330 2683 464 2754 quaque
500 2663 751 2753 exhibentibus,
781 2668 817 2734 et
844 2663 1048 2736 habentibus
1076 2664 1212 2735 canales
1238 2664 1347 2754 plum·

328 2798 411 2868 beos
443 2814 567 2886 aquam
599 2796 781 2887 pluvialem
818 2800 1045 2883 exportantes.
1115 2794 1227 2885 Super
1257 2796 1345 2866 hunc

328 2926 533 3000 strictiorem
559 2930 726 3019 parietem
759 2928 899 3016 erigitur
932 2929 966 2998 in
994 2927 1100 2998 altum
1128 2926 1263 2998 testudo
1290 2947 1345 2998 ra-

328 3060 464 3151 tunda,
488 3061 577 3132 intus
605 3059 756 3151 depicta,
793 3060 877 3131 luris
910 3059 1048 3150 plumbo
1078 3065 1258 3150 cooperta,
1288 3059 1342 3129 cui

328 3195 462 3283 signum
489 3197 629 3264 sanctae
658 3192 766 3263 crucis
792 3193 827 3263 iu
854 3212 1012 3283 suprema
1041 3192 1266 3264 achristiauis
1293 3199 1344 3264 est

328 3325 526 3416 appositum,
557 3324 647 3416 quod
679 3325 864 3396 sarracenis
898 3329 952 3396 est
986 3322 1087 3394 valde
1121 3327 1341 3415 contrarium,

329 3457 485 3527 etmulti
513 3457 587 3527 auri
614 3457 665 3528 sui
692 3456 869 3548 dispendio
897 3455 1026 3528 vellent
1052 3476 1127 3528 esse
1154 3461 1337 3545 remotum;

327 3610 406 3660 nam
444 3588 528 3660 licet
567 3587 669 3661 fidem
707 3589 869 3679 passionis
910 3587 1038 3660 Christi
1077 3610 1145 3659 nan
1185 3588 1341 3680 habeant,

284 3725 285 3728 ’
329 3724 445 3791 tamen
471 3720 537 3790 hoc
571 3722 733 3812 templum
760 3727 983 3813 venerantur,
1012 3742 1087 3791 cum
1115 3721 1148 3790 in
1176 3741 1217 3792 eo
1246 3738 1341 3790 crea-
