3368 4650
1243 569 1306 635 145

282 758 420 836 Domini
447 760 626 857 pendentis
659 763 693 836 in
721 783 841 855 eruce,
873 784 916 837 ex
948 755 1127 855 positionis
1155 751 1305 826 necessi·

280 903 364 991 tate,
392 918 515 973 versus
541 899 707 972 orientem
735 897 929 973 declaratur
953 894 1063 990 posita
1089 890 1208 963 inisse.

363 1031 471 1107 Juxta
497 1035 643 1107 eundem
669 1033 780 1107 locum
807 1030 1020 1125 insuperiori
1034 1032 1133 1120 parte
1154 1024 1198 1096 ad
1225 1023 1306 1096 dex·

282 1176 370 1242 uam
410 1173 466 1238 est
501 1165 639 1237 altare
672 1167 792 1255 situm,
832 1167 867 1237 in
907 1164 1036 1236 horrore
1068 1158 1308 1232 dominicae

282 1297 496 1388 passionis
526 1306 779 1386 consecratum,
809 1304 846 1369 et
872 1304 963 1369 totus
989 1296 1086 1368 locus
1115 1292 1174 1365 ille
1202 1289 1306 1362 deno-

282 1428 434 1498 minatur
464 1426 510 1497 ab
544 1425 664 1497 eadem
695 1428 862 1517 pasione.
929 1427 1075 1500 Inferior
1108 1446 1194 1500 vero
1228 1445 1307 1517 pars

282 1556 438 1648 ejusdem
466 1551 645 1627 Calrariae
672 1557 790 1630 subtus
816 1559 969 1632 eontinet
994 1559 1155 1647 altare,
1187 1566 1224 1629 et
1249 1577 1306 1629 ro·

282 1694 381 1760 catur
414 1685 466 1756 ad
500 1694 692 1758 sanetum
723 1693 983 1780 sanguinem,
1020 1690 1100 1779 quia
1128 1709 1171 1759 eo
1200 1709 1306 1778 usque

283 1839 347 1907 per
373 1817 494 1887 rimam
521 1823 642 1908 petrae
668 1823 805 1907 sanguis
832 1821 969 1893 Domini
1003 1819 1131 1890 dicitur
1157 1817 1305 1907 duxisse,

282 1949 340 2039 qui
375 1948 473 2020 locus
506 1947 607 2021 hodie
640 1955 736 2021 retro
770 1951 862 2024 idem
889 1954 997 2024 altare
1030 1951 1227 2040 designatus
1254 1959 1307 2023 est

282 2101 346 2169 per
379 2080 562 2170 quamdam
596 2084 851 2156 concavitatem.
875 2085 1025 2176 ejusdem
1061 2092 1200 2174 petrae,
1248 2082 1305 2156 ubi

282 2211 458 2303 dependet
486 2215 634 2306 ampulla
661 2238 738 2289 cnm
768 2217 928 2289 continua
953 2218 1209 2290 illuminatione.

362 2343 478 2417 Extra
504 2346 537 2416 iu
565 2348 706 2421 introitu
736 2348 913 2423 calvariae
945 2351 1079 2443 (uersus
1107 2346 1303 2443 legunturJ:

334 2477 416 2550 llio
443 2477 563 2551 locus
596 2481 775 2571 insignis
803 2482 1000 2556 calvaria
1033 2490 1209 2554 sanctus
1236 2484 1304 2556 ha·

390 2613 522 2685 betur

334 2765 412 2837 pro
440 2745 553 2837 duce,
582 2767 658 2839 pro
685 2751 848 2840 pretio,
877 2769 951 2841 pro
977 2769 1118 2839 cruce,
1149 2769 1224 2838 pro
1252 2748 1306 2820 la·

388 2899 532 2951 raero.

333 3011 494 3104 Nempe
520 3012 623 3085 lesu
652 3034 778 3086 cruor
806 3021 849 3087 et
876 3015 1037 3104 titulus,
1067 3034 1188 3086 saera
1216 3034 1306 3086 eor·

387 3145 507 3237 poris
533 3145 641 3218 unda

287 3323 292 3332 ·
333 3277 576 3368 nossalrat,
608 3279 793 3369 redimit,
819 3282 1149 3374 protegitatque
1172 3281 1300 3354 larat

282 3437 327 3503 ll.
362 3434 488 3504 olom
511 3432 727 3514 dominorum,
759 3434 973 3504 meditullium
995 3439 1122 3519 urm,
1146 3437 1305 3513 Emmaun

368 3543 501 3610 lavatio
522 3540 634 3627 pedum
658 3544 691 3609 lu
715 3541 800 3608 Slun.

364 3681 405 3752 ln
432 3680 547 3752 medio
580 3680 708 3754 choro
744 3679 1023 3768 dominorum,
1059 3701 1127 3752 nou
1155 3681 1306 3771 longua

279 3814 353 3887 loco
384 3812 580 3905 calvariae,
609 3821 662 3886 est
690 3813 827 3906 quidam
855 3813 952 3886 locus
979 3813 1180 3887 elevatione
1208 3815 1306 3886 tabu·

1090 3935 1133 4002 lo
