<?xml version="1.0" encoding="UTF-8"?>
<!DOCTYPE html PUBLIC "-//W3C//DTD XHTML 1.0 Transitional//EN"
    "http://www.w3.org/TR/xhtml1/DTD/xhtml1-transitional.dtd">
<html xmlns="http://www.w3.org/1999/xhtml" xml:lang="en" lang="en">
 <head>
  <title>
</title>
<meta http-equiv="Content-Type" content="text/html;charset=utf-8" />
  <meta name='ocr-system' content='tesseract 3.04.00' />
  <meta name='ocr-capabilities' content='ocr_page ocr_carea ocr_par ocr_line ocrx_word'/>
</head>
<body>
  <div class='ocr_page' id='page_1' title='image "./descriptioneste00toblgoog_0476.png"; bbox 0 0 3368 4650; ppageno 0'>
   <div class='ocr_carea' id='block_1_1' title="bbox 356 561 422 628">
    <p class='ocr_par' dir='ltr' id='par_1_1' title="bbox 356 561 422 628">
     <span class='ocr_line' id='line_1_1' title="bbox 356 561 422 628; baseline 0.015 -1"><span class='ocrx_word' id='word_1_1' title='bbox 356 561 422 628; x_wconf 75' lang='lat'><strong>488</strong></span> 
     </span>
    </p>
   </div>
   <div class='ocr_carea' id='block_1_2' title="bbox 356 718 1421 3514">
    <p class='ocr_par' dir='ltr' id='par_1_2' title="bbox 356 718 1380 2054">
     <span class='ocr_line' id='line_1_2' title="bbox 356 718 1377 810; baseline -0.01 -26"><span class='ocrx_word' id='word_1_2' title='bbox 356 730 501 810; x_wconf 68' lang='lat' dir='ltr'><strong>quotannis</strong></span> <span class='ocrx_word' id='word_1_3' title='bbox 526 743 634 796; x_wconf 77' lang='lat' dir='ltr'><strong>vespere</strong></span> <span class='ocrx_word' id='word_1_4' title='bbox 662 723 755 791; x_wconf 76' lang='lat' dir='ltr'><strong>magni</strong></span> <span class='ocrx_word' id='word_1_5' title='bbox 779 723 885 777; x_wconf 75' lang='lat' dir='ltr'><strong>sennan·</strong></span> <span class='ocrx_word' id='word_1_6' title='bbox 912 718 1109 781; x_wconf 74' lang='lat' dir='ltr'><strong>accenduntur,</strong></span> <span class='ocrx_word' id='word_1_7' title='bbox 1133 719 1224 786; x_wconf 75' lang='lat' dir='ltr'><strong>ignom</strong></span> <span class='ocrx_word' id='word_1_8' title='bbox 1244 737 1305 774; x_wconf 85' lang='lat' dir='ltr'><strong>voro</strong></span> <span class='ocrx_word' id='word_1_9' title='bbox 1328 737 1377 789; x_wconf 87' lang='lat' dir='ltr'><strong>per</strong></span> 
     </span>
     <span class='ocr_line' id='line_1_3' title="bbox 357 813 1377 885; baseline -0.015 -2"><span class='ocrx_word' id='word_1_10' title='bbox 357 830 445 883; x_wconf 89' lang='lat' dir='ltr'><strong>tetum</strong></span> <span class='ocrx_word' id='word_1_11' title='bbox 471 839 571 879; x_wconf 77' lang='lat' dir='ltr'><strong>sunum</strong></span> <span class='ocrx_word' id='word_1_12' title='bbox 597 820 745 875; x_wconf 79' lang='lat' dir='ltr'><strong>continent</strong></span> <span class='ocrx_word' id='word_1_13' title='bbox 782 818 842 885; x_wconf 76' lang='lat' dir='ltr'><strong>Vgl.</strong></span> <span class='ocrx_word' id='word_1_14' title='bbox 869 814 1025 871; x_wconf 81' lang='lat' dir='ltr'><strong>Theoderic.</strong></span> <span class='ocrx_word' id='word_1_15' title='bbox 1047 813 1104 868; x_wconf 85' lang='grc'><strong>180.</strong></span> <span class='ocrx_word' id='word_1_16' title='bbox 1148 815 1227 869; x_wconf 82' lang='lat' dir='ltr'><strong>Auch</strong></span> <span class='ocrx_word' id='word_1_17' title='bbox 1246 816 1311 870; x_wconf 86' lang='lat' dir='ltr'><strong>wird</strong></span> <span class='ocrx_word' id='word_1_18' title='bbox 1330 817 1377 870; x_wconf 77' lang='lat' dir='ltr'><strong>(ier</strong></span> 
     </span>
     <span class='ocr_line' id='line_1_4' title="bbox 356 910 1376 993; baseline -0.013 -14"><span class='ocrx_word' id='word_1_19' title='bbox 356 921 602 993; x_wconf 72' lang='lat' dir='ltr'><strong>geisselungeeiule</strong></span> <span class='ocrx_word' id='word_1_20' title='bbox 622 935 672 972; x_wconf 85' lang='lat' dir='ltr'><strong>von</strong></span> <span class='ocrx_word' id='word_1_21' title='bbox 690 915 828 973; x_wconf 85' lang='lat' dir='ltr'><strong>Jeheunee</strong></span> <span class='ocrx_word' id='word_1_22' title='bbox 851 914 928 968; x_wconf 92' lang='lat' dir='ltr'><strong>nicht</strong></span> <span class='ocrx_word' id='word_1_23' title='bbox 946 910 1070 980; x_wconf 74' lang='lat' dir='ltr'><strong>godecht.</strong></span> <span class='ocrx_word' id='word_1_24' title='bbox 1107 910 1195 966; x_wconf 76' lang='lat' dir='ltr'><strong>llnltn</strong></span> <span class='ocrx_word' id='word_1_25' title='bbox 1221 912 1292 966; x_wconf 82' lang='lat' dir='ltr'><strong>tritit</strong></span> <span class='ocrx_word' id='word_1_26' title='bbox 1314 928 1376 967; x_wconf 80' lang='lat' dir='ltr'><strong>men</strong></span> 
     </span>
     <span class='ocr_line' id='line_1_5' title="bbox 356 1009 1377 1078; baseline -0.011 -4"><span class='ocrx_word' id='word_1_27' title='bbox 356 1020 396 1075; x_wconf 88' lang='lat' dir='ltr'><strong>sie</strong></span> <span class='ocrx_word' id='word_1_28' title='bbox 413 1017 458 1072; x_wconf 85' lang='lat' dir='ltr'><strong>hei</strong></span> <span class='ocrx_word' id='word_1_29' title='bbox 476 1016 528 1071; x_wconf 84' lang='lat' dir='ltr'><strong>den</strong></span> <span class='ocrx_word' id='word_1_30' title='bbox 545 1015 682 1072; x_wconf 79' lang='lat' dir='ltr'><strong>islindern</strong></span> <span class='ocrx_word' id='word_1_31' title='bbox 700 1028 724 1067; x_wconf 72' lang='lat' dir='ltr'><strong>e</strong></span> <span class='ocrx_word' id='word_1_32' title='bbox 742 1029 766 1066; x_wconf 73' lang='grc' dir='ltr'><strong>ι.</strong></span> <span class='ocrx_word' id='word_1_33' title='bbox 784 1027 808 1064; x_wconf 91' lang='lat' dir='ltr'><strong>o.</strong></span> <span class='ocrx_word' id='word_1_34' title='bbox 827 1013 852 1076; x_wconf 75' lang='lat'><strong>2,</strong></span> <span class='ocrx_word' id='word_1_35' title='bbox 876 1010 929 1064; x_wconf 78' lang='lat'><strong>418</strong></span> <span class='ocrx_word' id='word_1_36' title='bbox 948 1027 972 1063; x_wconf 88' lang='lat' dir='ltr'><strong>u.</strong></span> <span class='ocrx_word' id='word_1_37' title='bbox 991 1010 1058 1063; x_wconf 74' lang='lat'><strong>422:</strong></span> <span class='ocrx_word' id='word_1_38' title='bbox 1083 1009 1237 1078; x_wconf 75' lang='lat' dir='ltr'><strong>Aregione</strong></span> <span class='ocrx_word' id='word_1_39' title='bbox 1255 1009 1332 1065; x_wconf 87' lang='lat' dir='ltr'><strong>chori</strong></span> <span class='ocrx_word' id='word_1_40' title='bbox 1349 1010 1377 1064; x_wconf 90' lang='lat' dir='ltr'><strong>in</strong></span> 
     </span>
     <span class='ocr_line' id='line_1_6' title="bbox 358 1106 1379 1181; baseline -0.009 -10"><span class='ocrx_word' id='word_1_41' title='bbox 358 1114 497 1171; x_wconf 74' lang='lat' dir='ltr'><strong>meridiem</strong></span> <span class='ocrx_word' id='word_1_42' title='bbox 516 1113 640 1168; x_wconf 77' lang='lat' dir='ltr'><strong>semein</strong></span> <span class='ocrx_word' id='word_1_43' title='bbox 658 1111 763 1181; x_wconf 84' lang='lat' dir='ltr'><strong>periete</strong></span> <span class='ocrx_word' id='word_1_44' title='bbox 782 1108 895 1162; x_wconf 78' lang='lat' dir='ltr'>australi</span> <span class='ocrx_word' id='word_1_45' title='bbox 914 1106 1035 1161; x_wconf 72' lang='lat' dir='ltr'><strong>aedicula</strong></span> <span class='ocrx_word' id='word_1_46' title='bbox 1054 1109 1110 1170; x_wconf 87' lang='lat' dir='ltr'><strong>est,</strong></span> <span class='ocrx_word' id='word_1_47' title='bbox 1137 1124 1153 1160; x_wconf 84' lang='lat' dir='ltr'><strong>e</strong></span> <span class='ocrx_word' id='word_1_48' title='bbox 1172 1124 1253 1178; x_wconf 88' lang='lat' dir='ltr'><strong>rupe,</strong></span> <span class='ocrx_word' id='word_1_49' title='bbox 1278 1108 1307 1163; x_wconf 92' lang='lat' dir='ltr'><strong>in</strong></span> <span class='ocrx_word' id='word_1_50' title='bbox 1326 1123 1379 1177; x_wconf 83' lang='lat' dir='ltr'><strong>que</strong></span> 
     </span>
     <span class='ocr_line' id='line_1_7' title="bbox 358 1204 1378 1283; baseline -0.007 -16"><span class='ocrx_word' id='word_1_51' title='bbox 358 1229 453 1283; x_wconf 85' lang='lat' dir='ltr'><strong>pessus</strong></span> <span class='ocrx_word' id='word_1_52' title='bbox 472 1213 527 1275; x_wconf 86' lang='lat' dir='ltr'><strong>est,</strong></span> <span class='ocrx_word' id='word_1_53' title='bbox 546 1210 576 1265; x_wconf 92' lang='lat' dir='ltr'><strong>in</strong></span> <span class='ocrx_word' id='word_1_54' title='bbox 594 1209 724 1263; x_wconf 77' lang='lat' dir='ltr'><strong>orientem</strong></span> <span class='ocrx_word' id='word_1_55' title='bbox 742 1222 833 1267; x_wconf 67' lang='lat' dir='ltr'><strong>vetem</strong></span> <span class='ocrx_word' id='word_1_56' title='bbox 859 1206 886 1259; x_wconf 87' lang='lat' dir='ltr'><strong>in</strong></span> <span class='ocrx_word' id='word_1_57' title='bbox 909 1222 942 1260; x_wconf 83' lang='lat' dir='ltr'><strong>ee</strong></span> <span class='ocrx_word' id='word_1_58' title='bbox 966 1204 1089 1259; x_wconf 74' lang='lat' dir='ltr'><strong>aedicula</strong></span> <span class='ocrx_word' id='word_1_59' title='bbox 1113 1207 1170 1258; x_wconf 83' lang='lat' dir='ltr'><strong>stet</strong></span> <span class='ocrx_word' id='word_1_60' title='bbox 1188 1206 1325 1270; x_wconf 84' lang='lat' dir='ltr'><strong>columne,</strong></span> <span class='ocrx_word' id='word_1_61' title='bbox 1344 1206 1378 1260; x_wconf 81' lang='lat' dir='ltr'><strong>mi</strong></span> 
     </span>
     <span class='ocr_line' id='line_1_8' title="bbox 358 1301 1379 1381; baseline -0.007 -16"><span class='ocrx_word' id='word_1_62' title='bbox 358 1326 440 1381; x_wconf 82' lang='lat' dir='ltr'><strong>quem</strong></span> <span class='ocrx_word' id='word_1_63' title='bbox 459 1308 595 1376; x_wconf 80' lang='lat' dir='ltr'><strong>deligatus</strong></span> <span class='ocrx_word' id='word_1_64' title='bbox 612 1308 641 1360; x_wconf 91' lang='lat' dir='ltr'><strong>et</strong></span> <span class='ocrx_word' id='word_1_65' title='bbox 655 1320 751 1358; x_wconf 84' lang='lat' dir='ltr'><strong>coesus</strong></span> <span class='ocrx_word' id='word_1_66' title='bbox 767 1302 828 1367; x_wconf 88' lang='lat' dir='ltr'><strong>luit,</strong></span> <span class='ocrx_word' id='word_1_67' title='bbox 844 1306 989 1374; x_wconf 77' lang='lat' dir='ltr'><strong>antequem</strong></span> <span class='ocrx_word' id='word_1_68' title='bbox 1002 1302 1031 1356; x_wconf 90' lang='lat' dir='ltr'><strong>in</strong></span> <span class='ocrx_word' id='word_1_69' title='bbox 1043 1319 1123 1356; x_wconf 88' lang='lat' dir='ltr'><strong>cruce</strong></span> <span class='ocrx_word' id='word_1_70' title='bbox 1141 1318 1239 1372; x_wconf 79' lang='lat' dir='ltr'><strong>pessus</strong></span> <span class='ocrx_word' id='word_1_71' title='bbox 1257 1305 1307 1358; x_wconf 77' lang='lat' dir='ltr'><strong>est</strong></span> <span class='ocrx_word' id='word_1_72' title='bbox 1344 1301 1379 1358; x_wconf 79' lang='lat' dir='ltr'><strong>So</strong></span> 
     </span>
     <span class='ocr_line' id='line_1_9' title="bbox 358 1399 1379 1471; baseline -0.006 -9"><span class='ocrx_word' id='word_1_73' title='bbox 358 1408 406 1462; x_wconf 84' lang='lat' dir='ltr'><strong>der</strong></span> <span class='ocrx_word' id='word_1_74' title='bbox 423 1407 497 1470; x_wconf 87' lang='lat' dir='ltr'><strong>eine,</strong></span> <span class='ocrx_word' id='word_1_75' title='bbox 517 1403 572 1458; x_wconf 72' lang='lat' dir='ltr'><strong>nuel</strong></span> <span class='ocrx_word' id='word_1_76' title='bbox 591 1403 639 1456; x_wconf 89' lang='lat' dir='ltr'><strong>der</strong></span> <span class='ocrx_word' id='word_1_77' title='bbox 657 1400 769 1455; x_wconf 84' lang='lat' dir='ltr'><strong>endere:</strong></span> <span class='ocrx_word' id='word_1_78' title='bbox 792 1401 815 1454; x_wconf 79' lang='grc' dir='ltr'>Α</span> <span class='ocrx_word' id='word_1_79' title='bbox 835 1401 945 1455; x_wconf 82' lang='lat' dir='ltr'><strong>sinistre</strong></span> <span class='ocrx_word' id='word_1_80' title='bbox 964 1415 1046 1454; x_wconf 85' lang='lat' dir='ltr'><strong>menn</strong></span> <span class='ocrx_word' id='word_1_81' title='bbox 1070 1399 1099 1454; x_wconf 91' lang='lat' dir='ltr'><strong>in</strong></span> <span class='ocrx_word' id='word_1_82' title='bbox 1123 1401 1224 1470; x_wconf 89' lang='lat' dir='ltr'><strong>templo</strong></span> <span class='ocrx_word' id='word_1_83' title='bbox 1243 1400 1379 1471; x_wconf 70' lang='lat' dir='ltr'><strong>sepulchri</strong></span> 
     </span>
     <span class='ocr_line' id='line_1_10' title="bbox 359 1496 1380 1567; baseline -0.004 -9"><span class='ocrx_word' id='word_1_84' title='bbox 359 1505 403 1558; x_wconf 87' lang='lat' dir='ltr'><strong>est</strong></span> <span class='ocrx_word' id='word_1_85' title='bbox 420 1501 558 1563; x_wconf 73' lang='lat' dir='ltr'><strong>sacellum,</strong></span> <span class='ocrx_word' id='word_1_86' title='bbox 576 1500 623 1554; x_wconf 91' lang='lat' dir='ltr'><strong>ubi</strong></span> <span class='ocrx_word' id='word_1_87' title='bbox 640 1497 774 1561; x_wconf 83' lang='lat' dir='ltr'><strong>columns,</strong></span> <span class='ocrx_word' id='word_1_88' title='bbox 794 1496 828 1550; x_wconf 84' lang='lat' dir='ltr'><strong>sd</strong></span> <span class='ocrx_word' id='word_1_89' title='bbox 846 1514 926 1567; x_wconf 81' lang='lat' dir='ltr'><strong>quem</strong></span> <span class='ocrx_word' id='word_1_90' title='bbox 939 1497 1071 1552; x_wconf 79' lang='lat' dir='ltr'><strong>Dominus</strong></span> <span class='ocrx_word' id='word_1_91' title='bbox 1091 1501 1185 1552; x_wconf 87' lang='lat' dir='ltr'><strong>nester</strong></span> <span class='ocrx_word' id='word_1_92' title='bbox 1202 1498 1309 1553; x_wconf 86' lang='lat' dir='ltr'><strong>vinctus</strong></span> <span class='ocrx_word' id='word_1_93' title='bbox 1327 1498 1380 1554; x_wconf 88' lang='lat' dir='ltr'><strong>init</strong></span> 
     </span>
     <span class='ocr_line' id='line_1_11' title="bbox 359 1594 1380 1668; baseline -0.001 -15"><span class='ocrx_word' id='word_1_94' title='bbox 359 1601 388 1655; x_wconf 87' lang='lat' dir='ltr'><strong>et</strong></span> <span class='ocrx_word' id='word_1_95' title='bbox 405 1597 490 1665; x_wconf 73' lang='lat' dir='ltr'><strong>virgis</strong></span> <span class='ocrx_word' id='word_1_96' title='bbox 509 1612 613 1651; x_wconf 76' lang='lat' dir='ltr'><strong>caesus.</strong></span> <span class='ocrx_word' id='word_1_97' title='bbox 649 1595 759 1649; x_wconf 80' lang='lat' dir='ltr'><strong>Eretere</strong></span> <span class='ocrx_word' id='word_1_98' title='bbox 778 1594 880 1662; x_wconf 74' lang='lat' dir='ltr'><strong>inpelle</strong></span> <span class='ocrx_word' id='word_1_99' title='bbox 899 1595 1003 1665; x_wconf 88' lang='lat' dir='ltr'><strong>spricht</strong></span> <span class='ocrx_word' id='word_1_100' title='bbox 1020 1594 1065 1651; x_wconf 83' lang='lat' dir='ltr'><strong>ihr</strong></span> <span class='ocrx_word' id='word_1_101' title='bbox 1083 1594 1126 1649; x_wconf 79' lang='lat' dir='ltr'><strong>elio</strong></span> <span class='ocrx_word' id='word_1_102' title='bbox 1144 1596 1257 1666; x_wconf 83' lang='lat' dir='ltr'><strong>heutige</strong></span> <span class='ocrx_word' id='word_1_103' title='bbox 1275 1598 1380 1668; x_wconf 83' lang='lat' dir='ltr'><strong>kepolle</strong></span> 
     </span>
     <span class='ocr_line' id='line_1_12' title="bbox 361 1691 1380 1764; baseline -0.002 -13"><span class='ocrx_word' id='word_1_104' title='bbox 361 1695 409 1751; x_wconf 77' lang='lat' dir='ltr'><strong>ier</strong></span> <span class='ocrx_word' id='word_1_105' title='bbox 426 1692 635 1764; x_wconf 78' lang='lat' dir='ltr'><strong>beschimpiung</strong></span> <span class='ocrx_word' id='word_1_106' title='bbox 657 1691 711 1746; x_wconf 87' lang='lat' dir='ltr'><strong>und</strong></span> <span class='ocrx_word' id='word_1_107' title='bbox 737 1691 849 1746; x_wconf 86' lang='lat' dir='ltr'><strong>letztere</strong></span> <span class='ocrx_word' id='word_1_108' title='bbox 871 1691 915 1746; x_wconf 79' lang='lat' dir='ltr'><strong>iiic</strong></span> <span class='ocrx_word' id='word_1_109' title='bbox 938 1692 982 1748; x_wconf 88' lang='lat' dir='ltr'><strong>die</strong></span> <span class='ocrx_word' id='word_1_110' title='bbox 1000 1693 1104 1763; x_wconf 81' lang='lat' dir='ltr'><strong>lupello</strong></span> <span class='ocrx_word' id='word_1_111' title='bbox 1129 1694 1177 1749; x_wconf 90' lang='lat' dir='ltr'><strong>des</strong></span> <span class='ocrx_word' id='word_1_112' title='bbox 1200 1695 1380 1750; x_wconf 83' lang='lat' dir='ltr'><strong>lateinischen</strong></span> 
     </span>
     <span class='ocr_line' id='line_1_13' title="bbox 360 1789 1379 1862; baseline 0 -15"><span class='ocrx_word' id='word_1_113' title='bbox 360 1792 497 1862; x_wconf 71' lang='lat' dir='ltr'><strong>hospites,</strong></span> <span class='ocrx_word' id='word_1_114' title='bbox 522 1806 562 1844; x_wconf 83' lang='lat' dir='ltr'><strong>we</strong></span> <span class='ocrx_word' id='word_1_115' title='bbox 581 1790 625 1845; x_wconf 89' lang='lat' dir='ltr'><strong>ein</strong></span> <span class='ocrx_word' id='word_1_116' title='bbox 643 1790 721 1843; x_wconf 77' lang='lat' dir='ltr'><strong>ethei</strong></span> <span class='ocrx_word' id='word_1_117' title='bbox 740 1789 815 1843; x_wconf 76' lang='lat' dir='ltr'><strong>situle</strong></span> <span class='ocrx_word' id='word_1_118' title='bbox 834 1790 886 1844; x_wconf 81' lang='lat' dir='ltr'><strong>‹ler</strong></span> <span class='ocrx_word' id='word_1_119' title='bbox 899 1790 1057 1858; x_wconf 74' lang='lat' dir='ltr'><strong>geiseelung</strong></span> <span class='ocrx_word' id='word_1_120' title='bbox 1079 1790 1161 1846; x_wconf 82' lang='lat' dir='ltr'><strong>heuto</strong></span> <span class='ocrx_word' id='word_1_121' title='bbox 1179 1793 1288 1862; x_wconf 79' lang='lat' dir='ltr'><strong>gemigt</strong></span> <span class='ocrx_word' id='word_1_122' title='bbox 1305 1793 1379 1847; x_wconf 77' lang='lat' dir='ltr'><strong>wiri.</strong></span> 
     </span>
     <span class='ocr_line' id='line_1_14' title="bbox 361 1885 1380 1965; baseline -0.001 -21"><span class='ocrx_word' id='word_1_123' title='bbox 361 1889 423 1958; x_wconf 79' lang='lat' dir='ltr'><strong>Vgl</strong></span> <span class='ocrx_word' id='word_1_124' title='bbox 448 1888 603 1943; x_wconf 84' lang='lat' dir='ltr'><strong>Theoderic.</strong></span> <span class='ocrx_word' id='word_1_125' title='bbox 626 1885 676 1965; x_wconf 63' lang='lat' dir='ltr'><strong>XI,</strong></span> <span class='ocrx_word' id='word_1_126' title='bbox 699 1902 769 1940; x_wconf 83' lang='lat' dir='ltr'><strong>anm.</strong></span> <span class='ocrx_word' id='word_1_127' title='bbox 795 1904 816 1940; x_wconf 83' lang='lat' dir='ltr'><strong>s.</strong></span> <span class='ocrx_word' id='word_1_128' title='bbox 844 1887 902 1952; x_wconf 81' lang='lat'>183,</span> <span class='ocrx_word' id='word_1_129' title='bbox 925 1886 1112 1951; x_wconf 80' lang='lat' dir='ltr'><strong>Innom.V11,</strong></span> <span class='ocrx_word' id='word_1_130' title='bbox 1138 1906 1158 1943; x_wconf 84' lang='lat' dir='ltr'><strong>e.</strong></span> <span class='ocrx_word' id='word_1_131' title='bbox 1187 1892 1239 1945; x_wconf 88' lang='lat'><strong>100</strong></span> <span class='ocrx_word' id='word_1_132' title='bbox 1259 1890 1287 1955; x_wconf 83' lang='lat' dir='ltr'><strong>i,</strong></span> <span class='ocrx_word' id='word_1_133' title='bbox 1317 1889 1380 1945; x_wconf 82' lang='lat' dir='ltr'><strong>Gol-</strong></span> 
     </span>
     <span class='ocr_line' id='line_1_15' title="bbox 361 1984 522 2054; baseline -0.019 -14"><span class='ocrx_word' id='word_1_134' title='bbox 361 1987 447 2054; x_wconf 76' lang='lat' dir='ltr'><strong>gethe</strong></span> <span class='ocrx_word' id='word_1_135' title='bbox 461 1984 522 2039; x_wconf 75' lang='grc'><strong>366.</strong></span> 
     </span>
    </p>

    <p class='ocr_par' dir='ltr' id='par_1_3' title="bbox 360 2080 1421 3514">
     <span class='ocr_line' id='line_1_16' title="bbox 435 2080 1379 2156; baseline 0.001 -21"><span class='ocrx_word' id='word_1_136' title='bbox 435 2082 476 2135; x_wconf 83' lang='grc'><strong>13.</strong></span> <span class='ocrx_word' id='word_1_137' title='bbox 501 2080 664 2150; x_wconf 80' lang='lat' dir='ltr'><strong>Ejusdem</strong></span> <span class='ocrx_word' id='word_1_138' title='bbox 683 2080 790 2135; x_wconf 85' lang='lat' dir='ltr'><strong>ioci..</strong></span> <span class='ocrx_word' id='word_1_139' title='bbox 816 2083 1030 2147; x_wconf 80' lang='lat' dir='ltr'><strong>consecrati,</strong></span> <span class='ocrx_word' id='word_1_140' title='bbox 1048 2083 1081 2137; x_wconf 93' lang='lat' dir='ltr'><strong>in</strong></span> <span class='ocrx_word' id='word_1_141' title='bbox 1101 2082 1192 2156; x_wconf 81' lang='lat' dir='ltr'><strong>moel]</strong></span> <span class='ocrx_word' id='word_1_142' title='bbox 1212 2100 1284 2148; x_wconf 78' lang='lat' dir='ltr'><strong>mes,</strong></span> <span class='ocrx_word' id='word_1_143' title='bbox 1304 2100 1379 2150; x_wconf 78' lang='lat' dir='ltr'><strong>sang.</strong></span> 
     </span>
     <span class='ocr_line' id='line_1_17' title="bbox 360 2178 1378 2249; baseline -0.004 -14"><span class='ocrx_word' id='word_1_144' title='bbox 360 2182 391 2236; x_wconf 80' lang='lat' dir='ltr'><strong>(l.</strong></span> <span class='ocrx_word' id='word_1_145' title='bbox 405 2178 512 2249; x_wconf 84' lang='lat' dir='ltr'><strong>copiose</strong></span> <span class='ocrx_word' id='word_1_146' title='bbox 525 2179 609 2233; x_wconf 80' lang='lat' dir='ltr'><strong>effuso</strong></span> <span class='ocrx_word' id='word_1_147' title='bbox 624 2178 682 2247; x_wconf 84' lang='lat' dir='ltr'><strong>jem</strong></span> <span class='ocrx_word' id='word_1_148' title='bbox 701 2195 731 2233; x_wconf 83' lang='lat' dir='ltr'><strong>ex</strong></span> <span class='ocrx_word' id='word_1_149' title='bbox 750 2181 817 2233; x_wconf 86' lang='lat' dir='ltr'><strong>tunc</strong></span> <span class='ocrx_word' id='word_1_150' title='bbox 842 2183 1016 2235; x_wconf 79' lang='lat' dir='ltr'><strong>consecratus</strong></span> <span class='ocrx_word' id='word_1_151' title='bbox 1036 2182 1064 2234; x_wconf 92' lang='lat' dir='ltr'><strong>et</strong></span> <span class='ocrx_word' id='word_1_152' title='bbox 1082 2181 1270 2235; x_wconf 78' lang='lat' dir='ltr'><strong>sanctificatus</strong></span> <span class='ocrx_word' id='word_1_153' title='bbox 1288 2179 1378 2243; x_wconf 85' lang='lat' dir='ltr'><strong>inerit,</strong></span> 
     </span>
     <span class='ocr_line' id='line_1_18' title="bbox 360 2270 1382 2348; baseline -0.003 -17"><span class='ocrx_word' id='word_1_154' title='bbox 360 2280 452 2332; x_wconf 75' lang='lat' dir='ltr'><strong>lemen</strong></span> <span class='ocrx_word' id='word_1_155' title='bbox 470 2275 499 2330; x_wconf 90' lang='lat' dir='ltr'><strong>in</strong></span> <span class='ocrx_word' id='word_1_156' title='bbox 517 2275 587 2330; x_wconf 86' lang='lat' dir='ltr'><strong>med.</strong></span> <span class='ocrx_word' id='word_1_157' title='bbox 605 2275 638 2329; x_wconf 82' lang='grc' dir='ltr'><strong>Κ.</strong></span> <span class='ocrx_word' id='word_1_158' title='bbox 656 2306 690 2316; x_wconf 83' lang='lat'><strong>--</strong></span> <span class='ocrx_word' id='word_1_159' title='bbox 709 2276 744 2329; x_wconf 92' lang='lat' dir='ltr'><strong>in</strong></span> <span class='ocrx_word' id='word_1_160' title='bbox 770 2276 888 2330; x_wconf 87' lang='lat' dir='ltr'><strong>eodem</strong></span> <span class='ocrx_word' id='word_1_161' title='bbox 913 2270 1037 2348; x_wconf 57' lang='lat' dir='ltr'><strong>mehsje]</strong></span> <span class='ocrx_word' id='word_1_162' title='bbox 1057 2276 1080 2331; x_wconf 86' lang='grc' dir='ltr'><strong>Τ</strong></span> <span class='ocrx_word' id='word_1_163' title='bbox 1098 2276 1136 2339; x_wconf 92' lang='grc' dir='ltr'><strong>Β;</strong></span> <span class='ocrx_word' id='word_1_164' title='bbox 1163 2277 1280 2340; x_wconf 75' lang='lat' dir='ltr'><strong>iehlenel,</strong></span> <span class='ocrx_word' id='word_1_165' title='bbox 1304 2275 1382 2330; x_wconf 76' lang='lat' dir='ltr'><strong>delur</strong></span> 
     </span>
     <span class='ocr_line' id='line_1_19' title="bbox 363 2371 1380 2443; baseline -0.003 -15"><span class='ocrx_word' id='word_1_166' title='bbox 363 2374 428 2428; x_wconf 82' lang='lat' dir='ltr'><strong>eber</strong></span> <span class='ocrx_word' id='word_1_167' title='bbox 446 2388 542 2442; x_wconf 80' lang='lat' dir='ltr'><strong>nempe</strong></span> <span class='ocrx_word' id='word_1_168' title='bbox 559 2372 618 2427; x_wconf 89' lang='lat' dir='ltr'><strong>XV.</strong></span> <span class='ocrx_word' id='word_1_169' title='bbox 634 2372 697 2442; x_wconf 91' lang='lat' dir='ltr'><strong>julii</strong></span> <span class='ocrx_word' id='word_1_170' title='bbox 714 2373 747 2428; x_wconf 85' lang='grc' dir='ltr'><strong>Κ.</strong></span> <span class='ocrx_word' id='word_1_171' title='bbox 767 2405 800 2413; x_wconf 89' lang='grc'>-</span> <span class='ocrx_word' id='word_1_172' title='bbox 820 2377 898 2442; x_wconf 86' lang='lat' dir='ltr'><strong>pest</strong></span> <span class='ocrx_word' id='word_1_173' title='bbox 917 2373 1202 2428; x_wconf 85' lang='lat' dir='ltr'><strong>consecrationis</strong></span> <span class='ocrx_word' id='word_1_174' title='bbox 1220 2372 1298 2443; x_wconf 84' lang='lat' dir='ltr'><strong>ren]</strong></span> <span class='ocrx_word' id='word_1_175' title='bbox 1318 2371 1380 2426; x_wconf 84' lang='lat' dir='ltr'><strong>Tll</strong></span> 
     </span>
     <span class='ocr_line' id='line_1_20' title="bbox 363 2469 1382 2542; baseline -0.005 -17"><span class='ocrx_word' id='word_1_176' title='bbox 363 2470 396 2537; x_wconf 83' lang='lat' dir='ltr'><strong>K,</strong></span> <span class='ocrx_word' id='word_1_177' title='bbox 413 2473 506 2541; x_wconf 88' lang='lat' dir='ltr'><strong>preter</strong></span> <span class='ocrx_word' id='word_1_178' title='bbox 524 2484 547 2522; x_wconf 88' lang='lat' dir='ltr'><strong>c.</strong></span> <span class='ocrx_word' id='word_1_179' title='bbox 565 2486 587 2523; x_wconf 86' lang='lat' dir='ltr'><strong>r.</strong></span> <span class='ocrx_word' id='word_1_180' title='bbox 606 2469 638 2524; x_wconf 87' lang='lat' dir='ltr'><strong>B.</strong></span> <span class='ocrx_word' id='word_1_181' title='bbox 664 2501 698 2509; x_wconf 96' lang='lat'>—</span> <span class='ocrx_word' id='word_1_182' title='bbox 727 2471 891 2540; x_wconf 76' lang='lat' dir='ltr'><strong>mojorem</strong></span> <span class='ocrx_word' id='word_1_183' title='bbox 910 2489 933 2524; x_wconf 82' lang='lat' dir='ltr'><strong>v.</strong></span> <span class='ocrx_word' id='word_1_184' title='bbox 953 2473 1090 2526; x_wconf 83' lang='lat' dir='ltr'><strong>miesem</strong></span> <span class='ocrx_word' id='word_1_185' title='bbox 1110 2471 1179 2542; x_wconf 87' lang='lat' dir='ltr'><strong>cel]</strong></span> <span class='ocrx_word' id='word_1_186' title='bbox 1209 2485 1281 2532; x_wconf 83' lang='lat' dir='ltr'><strong>mss,</strong></span> <span class='ocrx_word' id='word_1_187' title='bbox 1306 2485 1382 2523; x_wconf 85' lang='lat' dir='ltr'><strong>mv.</strong></span> 
     </span>
     <span class='ocr_line' id='line_1_21' title="bbox 365 2565 1383 2638; baseline -0.002 -16"><span class='ocrx_word' id='word_1_188' title='bbox 365 2584 407 2633; x_wconf 86' lang='lat' dir='ltr'><strong>m,</strong></span> <span class='ocrx_word' id='word_1_189' title='bbox 426 2583 474 2621; x_wconf 90' lang='lat' dir='ltr'><strong>seu</strong></span> <span class='ocrx_word' id='word_1_190' title='bbox 494 2565 612 2621; x_wconf 82' lang='lat' dir='ltr'><strong>officium</strong></span> <span class='ocrx_word' id='word_1_191' title='bbox 631 2567 777 2622; x_wconf 79' lang='lat' dir='ltr'><strong>solemnius</strong></span> <span class='ocrx_word' id='word_1_192' title='bbox 796 2567 844 2622; x_wconf 87' lang='lat' dir='ltr'><strong>cel</strong></span> <span class='ocrx_word' id='word_1_193' title='bbox 862 2569 897 2623; x_wconf 87' lang='lat' dir='ltr'><strong>K.</strong></span> <span class='ocrx_word' id='word_1_194' title='bbox 922 2599 954 2611; x_wconf 89' lang='lat'><em>-</em></span> <span class='ocrx_word' id='word_1_195' title='bbox 980 2567 1061 2622; x_wconf 87' lang='lat' dir='ltr'><strong>Nem</strong></span> <span class='ocrx_word' id='word_1_196' title='bbox 1086 2567 1202 2622; x_wconf 89' lang='lat' dir='ltr'><strong>eodem</strong></span> <span class='ocrx_word' id='word_1_197' title='bbox 1227 2567 1292 2638; x_wconf 90' lang='lat' dir='ltr'><strong>die]</strong></span> <span class='ocrx_word' id='word_1_198' title='bbox 1311 2583 1383 2629; x_wconf 78' lang='lat' dir='ltr'><strong>mss,</strong></span> 
     </span>
     <span class='ocr_line' id='line_1_22' title="bbox 361 2662 1421 2736; baseline 0 -18"><span class='ocrx_word' id='word_1_199' title='bbox 361 2664 455 2718; x_wconf 87' lang='lat' dir='ltr'><strong>beeser</strong></span> <span class='ocrx_word' id='word_1_200' title='bbox 472 2663 590 2735; x_wconf 87' lang='lat' dir='ltr'><strong>Insuper</strong></span> <span class='ocrx_word' id='word_1_201' title='bbox 608 2680 639 2717; x_wconf 94' lang='lat' dir='ltr'><strong>ee</strong></span> <span class='ocrx_word' id='word_1_202' title='bbox 653 2664 677 2717; x_wconf 77' lang='lat' dir='ltr'><strong>tl.</strong></span> <span class='ocrx_word' id='word_1_203' title='bbox 696 2665 729 2718; x_wconf 85' lang='lat' dir='ltr'><strong>K.</strong></span> <span class='ocrx_word' id='word_1_204' title='bbox 750 2694 780 2704; x_wconf 87' lang='lat'><em>-</em></span> <span class='ocrx_word' id='word_1_205' title='bbox 802 2682 839 2719; x_wconf 81' lang='lat' dir='ltr'><strong>ex</strong></span> <span class='ocrx_word' id='word_1_206' title='bbox 865 2683 880 2720; x_wconf 96' lang='lat' dir='ltr'><strong>o</strong></span> <span class='ocrx_word' id='word_1_207' title='bbox 887 2665 1027 2736; x_wconf 79' lang='lat' dir='ltr'><strong>pposito</strong></span> <span class='ocrx_word' id='word_1_208' title='bbox 1044 2665 1082 2736; x_wconf 89' lang='lat' dir='ltr'><strong>p]</strong></span> <span class='ocrx_word' id='word_1_209' title='bbox 1102 2682 1175 2728; x_wconf 77' lang='lat' dir='ltr'><strong>mse,</strong></span> <span class='ocrx_word' id='word_1_210' title='bbox 1194 2682 1225 2718; x_wconf 86' lang='lat' dir='ltr'><strong>er</strong></span> <span class='ocrx_word' id='word_1_211' title='bbox 1244 2679 1267 2716; x_wconf 87' lang='lat' dir='ltr'><strong>o.</strong></span> <span class='ocrx_word' id='word_1_212' title='bbox 1290 2662 1325 2716; x_wconf 82' lang='lat' dir='ltr'><strong>sd</strong></span> <span class='ocrx_word' id='word_1_213' title='bbox 1343 2663 1384 2717; x_wconf 90' lang='lat' dir='ltr'><strong>in·</strong></span> <span class='ocrx_word' id='word_1_214' title='bbox 1419 2715 1421 2718; x_wconf 79' lang='grc'>,</span> 
     </span>
     <span class='ocr_line' id='line_1_23' title="bbox 363 2760 1381 2831; baseline 0.001 -18"><span class='ocrx_word' id='word_1_215' title='bbox 363 2761 447 2816; x_wconf 82' lang='lat' dir='ltr'><strong>uicem</strong></span> <span class='ocrx_word' id='word_1_216' title='bbox 466 2777 491 2830; x_wconf 89' lang='lat' dir='ltr'><strong>p.</strong></span> <span class='ocrx_word' id='word_1_217' title='bbox 511 2761 543 2814; x_wconf 79' lang='lat' dir='ltr'><strong>Ii.</strong></span> <span class='ocrx_word' id='word_1_218' title='bbox 564 2791 598 2804; x_wconf 80' lang='lat'><em>-</em></span> <span class='ocrx_word' id='word_1_219' title='bbox 623 2761 661 2815; x_wconf 93' lang='lat' dir='ltr'><strong>In</strong></span> <span class='ocrx_word' id='word_1_220' title='bbox 689 2766 860 2831; x_wconf 88' lang='lat' dir='ltr'><strong>sequente</strong></span> <span class='ocrx_word' id='word_1_221' title='bbox 887 2764 941 2817; x_wconf 89' lang='lat' dir='ltr'><strong>die</strong></span> <span class='ocrx_word' id='word_1_222' title='bbox 969 2761 1030 2819; x_wconf 88' lang='lat' dir='ltr'><strong>sel.</strong></span> <span class='ocrx_word' id='word_1_223' title='bbox 1058 2761 1209 2831; x_wconf 81' lang='lat' dir='ltr'><strong>iaciunt]</strong></span> <span class='ocrx_word' id='word_1_224' title='bbox 1238 2777 1309 2824; x_wconf 81' lang='lat' dir='ltr'><strong>mss,</strong></span> <span class='ocrx_word' id='word_1_225' title='bbox 1335 2760 1381 2814; x_wconf 82' lang='lat' dir='ltr'><strong>Se·</strong></span> 
     </span>
     <span class='ocr_line' id='line_1_24' title="bbox 363 2858 1381 2929; baseline -0.004 -15"><span class='ocrx_word' id='word_1_226' title='bbox 363 2859 459 2929; x_wconf 79' lang='lat' dir='ltr'><strong>quenti</strong></span> <span class='ocrx_word' id='word_1_227' title='bbox 476 2862 540 2927; x_wconf 85' lang='lat' dir='ltr'><strong>poet</strong></span> <span class='ocrx_word' id='word_1_228' title='bbox 558 2875 676 2914; x_wconf 85' lang='lat' dir='ltr'><strong>ennuem</strong></span> <span class='ocrx_word' id='word_1_229' title='bbox 693 2858 880 2914; x_wconf 84' lang='lat' dir='ltr'><strong>Dedicolionis</strong></span> <span class='ocrx_word' id='word_1_230' title='bbox 899 2859 1147 2914; x_wconf 69' lang='lat' dir='ltr'><strong>retineremus.</strong></span> <span class='ocrx_word' id='word_1_231' title='bbox 1165 2859 1182 2911; x_wconf 82' lang='lat' dir='ltr'><strong>f.</strong></span> <span class='ocrx_word' id='word_1_232' title='bbox 1201 2859 1233 2912; x_wconf 88' lang='grc' dir='ltr'><strong>Κ.</strong></span> <span class='ocrx_word' id='word_1_233' title='bbox 1247 2887 1280 2896; x_wconf 77' lang='lat'><strong>--</strong></span> <span class='ocrx_word' id='word_1_234' title='bbox 1294 2858 1381 2912; x_wconf 89' lang='lat' dir='ltr'><strong>solis</strong></span> 
     </span>
     <span class='ocr_line' id='line_1_25' title="bbox 361 2953 1381 3028; baseline -0.001 -20"><span class='ocrx_word' id='word_1_235' title='bbox 361 2956 590 3010; x_wconf 72' lang='lat' dir='ltr'><strong>adscribitur</strong></span> <span class='ocrx_word' id='word_1_236' title='bbox 607 2956 749 3028; x_wconf 85' lang='lat' dir='ltr'><strong>irencis]</strong></span> <span class='ocrx_word' id='word_1_237' title='bbox 770 2973 843 3021; x_wconf 74' lang='lat' dir='ltr'><strong>mss„</strong></span> <span class='ocrx_word' id='word_1_238' title='bbox 868 2958 945 3026; x_wconf 82' lang='lat' dir='ltr'><strong>quusi</strong></span> <span class='ocrx_word' id='word_1_239' title='bbox 964 2955 1012 3010; x_wconf 88' lang='lat' dir='ltr'><strong>sol</strong></span> <span class='ocrx_word' id='word_1_240' title='bbox 1032 2972 1055 3009; x_wconf 83' lang='lat' dir='ltr'><strong>e.</strong></span> <span class='ocrx_word' id='word_1_241' title='bbox 1074 2955 1101 3020; x_wconf 83' lang='lat' dir='ltr'><strong>i,</strong></span> <span class='ocrx_word' id='word_1_242' title='bbox 1125 2953 1197 3024; x_wconf 76' lang='lat' dir='ltr'><strong>qirod</strong></span> <span class='ocrx_word' id='word_1_243' title='bbox 1220 2957 1313 3021; x_wconf 82' lang='lat' dir='ltr'><strong>tomen</strong></span> <span class='ocrx_word' id='word_1_244' title='bbox 1331 2955 1381 3008; x_wconf 83' lang='lat' dir='ltr'><strong>iel·</strong></span> 
     </span>
     <span class='ocr_line' id='line_1_26' title="bbox 363 3051 1381 3122; baseline -0.001 -16"><span class='ocrx_word' id='word_1_245' title='bbox 363 3052 500 3108; x_wconf 70' lang='lat' dir='ltr'><strong>tissimum</strong></span> <span class='ocrx_word' id='word_1_246' title='bbox 523 3054 557 3107; x_wconf 81' lang='lat' dir='ltr'><strong>K</strong></span> <span class='ocrx_word' id='word_1_247' title='bbox 585 3085 619 3093; x_wconf 94' lang='lat'>—</span> <span class='ocrx_word' id='word_1_248' title='bbox 647 3053 773 3107; x_wconf 80' lang='lat' dir='ltr'><strong>famosi</strong></span> <span class='ocrx_word' id='word_1_249' title='bbox 792 3052 964 3122; x_wconf 81' lang='lat' dir='ltr'><strong>wiggeri]</strong></span> <span class='ocrx_word' id='word_1_250' title='bbox 993 3052 1107 3120; x_wconf 78' lang='lat' dir='ltr'><strong>Viggeri</strong></span> <span class='ocrx_word' id='word_1_251' title='bbox 1132 3051 1164 3116; x_wconf 87' lang='lat' dir='ltr'><strong>T,</strong></span> <span class='ocrx_word' id='word_1_252' title='bbox 1195 3051 1323 3118; x_wconf 78' lang='lat' dir='ltr'><strong>Veggerii</strong></span> <span class='ocrx_word' id='word_1_253' title='bbox 1350 3052 1381 3114; x_wconf 87' lang='lat' dir='ltr'><strong>B,</strong></span> 
     </span>
     <span class='ocr_line' id='line_1_27' title="bbox 364 3136 1381 3217; baseline 0.001 -15"><span class='ocrx_word' id='word_1_254' title='bbox 364 3149 459 3216; x_wconf 82' lang='lat' dir='ltr'><strong>Vigeri</strong></span> <span class='ocrx_word' id='word_1_255' title='bbox 477 3150 514 3214; x_wconf 82' lang='grc' dir='ltr'><strong>Μ,</strong></span> <span class='ocrx_word' id='word_1_256' title='bbox 541 3150 666 3217; x_wconf 78' lang='lat' dir='ltr'><strong>Wiggeri</strong></span> <span class='ocrx_word' id='word_1_257' title='bbox 683 3150 717 3203; x_wconf 78' lang='lat' dir='ltr'>K</span> <span class='ocrx_word' id='word_1_258' title='bbox 752 3136 827 3203; x_wconf 72' lang='lat' dir='ltr'><strong>iiber</strong></span> <span class='ocrx_word' id='word_1_259' title='bbox 844 3150 951 3203; x_wconf 83' lang='lat' dir='ltr'><strong>Wicker</strong></span> <span class='ocrx_word' id='word_1_260' title='bbox 978 3165 1027 3203; x_wconf 80' lang='lat' dir='ltr'><strong>eus</strong></span> <span class='ocrx_word' id='word_1_261' title='bbox 1050 3148 1197 3203; x_wconf 75' lang='lat' dir='ltr'><strong>Schwaben</strong></span> <span class='ocrx_word' id='word_1_262' title='bbox 1222 3166 1242 3202; x_wconf 89' lang='lat' dir='ltr'><strong>s.</strong></span> <span class='ocrx_word' id='word_1_263' title='bbox 1268 3148 1381 3213; x_wconf 82' lang='lat' dir='ltr'><strong>Wilhen,</strong></span> 
     </span>
     <span class='ocr_line' id='line_1_28' title="bbox 364 3245 1381 3315; baseline -0.001 -16"><span class='ocrx_word' id='word_1_264' title='bbox 364 3245 473 3300; x_wconf 76' lang='lat' dir='ltr'><strong>liscum</strong></span> <span class='ocrx_word' id='word_1_265' title='bbox 493 3247 518 3309; x_wconf 82' lang='lat'><strong>2,</strong></span> <span class='ocrx_word' id='word_1_266' title='bbox 538 3246 581 3311; x_wconf 79' lang='lat'><strong>³9,</strong></span> <span class='ocrx_word' id='word_1_267' title='bbox 606 3248 649 3311; x_wconf 82' lang='lat'><strong>72,</strong></span> <span class='ocrx_word' id='word_1_268' title='bbox 677 3247 735 3300; x_wconf 83' lang='grc'><strong>108.</strong></span> <span class='ocrx_word' id='word_1_269' title='bbox 772 3247 822 3299; x_wconf 90' lang='lat' dir='ltr'><strong>We</strong></span> <span class='ocrx_word' id='word_1_270' title='bbox 849 3246 892 3300; x_wconf 90' lang='lat' dir='ltr'><strong>die</strong></span> <span class='ocrx_word' id='word_1_271' title='bbox 916 3246 1157 3314; x_wconf 79' lang='lat' dir='ltr'><strong>lohanneskopelle</strong></span> <span class='ocrx_word' id='word_1_272' title='bbox 1180 3262 1223 3300; x_wconf 82' lang='lat' dir='ltr'><strong>cm</strong></span> <span class='ocrx_word' id='word_1_273' title='bbox 1248 3246 1381 3315; x_wconf 84' lang='lat' dir='ltr'><strong>vorpletze</strong></span> 
     </span>
     <span class='ocr_line' id='line_1_29' title="bbox 363 3342 1382 3411; baseline 0.001 -16"><span class='ocrx_word' id='word_1_274' title='bbox 363 3343 423 3411; x_wconf 69' lang='lat' dir='ltr'><strong>ing,</strong></span> <span class='ocrx_word' id='word_1_275' title='bbox 445 3342 483 3396; x_wconf 89' lang='lat' dir='ltr'><strong>ist</strong></span> <span class='ocrx_word' id='word_1_276' title='bbox 509 3342 578 3396; x_wconf 92' lang='lat' dir='ltr'><strong>noch</strong></span> <span class='ocrx_word' id='word_1_277' title='bbox 604 3343 680 3397; x_wconf 90' lang='lat' dir='ltr'><strong>nicht</strong></span> <span class='ocrx_word' id='word_1_278' title='bbox 705 3343 782 3397; x_wconf 88' lang='lat' dir='ltr'><strong>recht</strong></span> <span class='ocrx_word' id='word_1_279' title='bbox 808 3344 947 3397; x_wconf 87' lang='lat' dir='ltr'><strong>ermittolt.</strong></span> <span class='ocrx_word' id='word_1_280' title='bbox 984 3343 1016 3395; x_wconf 87' lang='lat' dir='ltr'><strong>In</strong></span> <span class='ocrx_word' id='word_1_281' title='bbox 1035 3342 1096 3396; x_wconf 88' lang='lat' dir='ltr'><strong>dom</strong></span> <span class='ocrx_word' id='word_1_282' title='bbox 1120 3360 1172 3398; x_wconf 79' lang='lat' dir='ltr'><strong>von</strong></span> <span class='ocrx_word' id='word_1_283' title='bbox 1197 3345 1249 3397; x_wconf 88' lang='lat' dir='ltr'><strong>mir</strong></span> <span class='ocrx_word' id='word_1_284' title='bbox 1271 3344 1382 3398; x_wconf 80' lang='lat' dir='ltr'><strong>hercus-</strong></span> 
     </span>
     <span class='ocr_line' id='line_1_30' title="bbox 363 3439 1381 3514; baseline 0 -20"><span class='ocrx_word' id='word_1_285' title='bbox 363 3440 521 3514; x_wconf 76' lang='lat' dir='ltr'><strong>gegebenen</strong></span> <span class='ocrx_word' id='word_1_286' title='bbox 538 3439 651 3493; x_wconf 81' lang='lat' dir='ltr'><strong>irenzhs.</strong></span> <span class='ocrx_word' id='word_1_287' title='bbox 670 3442 827 3507; x_wconf 82' lang='lat' dir='ltr'><strong>Anonymus</strong></span> <span class='ocrx_word' id='word_1_288' title='bbox 848 3440 972 3510; x_wconf 75' lang='lat' dir='ltr'><strong>(Topogr.</strong></span> <span class='ocrx_word' id='word_1_289' title='bbox 992 3442 1017 3503; x_wconf 81' lang='lat'><strong>2,</strong></span> <span class='ocrx_word' id='word_1_290' title='bbox 1040 3440 1118 3508; x_wconf 87' lang='grc'>1003)</span> <span class='ocrx_word' id='word_1_291' title='bbox 1138 3442 1224 3495; x_wconf 82' lang='lat' dir='ltr'><strong>steht:</strong></span> <span class='ocrx_word' id='word_1_292' title='bbox 1242 3440 1339 3495; x_wconf 85' lang='lat' dir='ltr'><strong>Deiors</strong></span> <span class='ocrx_word' id='word_1_293' title='bbox 1356 3440 1381 3494; x_wconf 88' lang='lat' dir='ltr'><strong>le</strong></span> 
     </span>
    </p>
   </div>
   <div class='ocr_carea' id='block_1_3' title="bbox 237 3530 1382 3622">
    <p class='ocr_par' dir='ltr' id='par_1_4' title="bbox 237 3530 1382 3622">
     <span class='ocr_line' id='line_1_31' title="bbox 237 3530 1382 3622; baseline 0 -32"><span class='ocrx_word' id='word_1_294' title='bbox 237 3530 240 3536; x_wconf 80' lang='grc'><strong>’</strong></span> <span class='ocrx_word' id='word_1_295' title='bbox 332 3616 335 3622; x_wconf 21' lang='lat'><em>4</em></span> <span class='ocrx_word' id='word_1_296' title='bbox 363 3539 441 3606; x_wconf 84' lang='lat' dir='ltr'><strong>porte</strong></span> <span class='ocrx_word' id='word_1_297' title='bbox 461 3553 477 3594; x_wconf 84' lang='lat' dir='ltr'><strong>c</strong></span> <span class='ocrx_word' id='word_1_298' title='bbox 495 3536 522 3590; x_wconf 83' lang='lat' dir='ltr'><strong>la</strong></span> <span class='ocrx_word' id='word_1_299' title='bbox 541 3540 662 3591; x_wconf 88' lang='lat' dir='ltr'><strong>senestre</strong></span> <span class='ocrx_word' id='word_1_300' title='bbox 680 3536 768 3606; x_wconf 82' lang='lat' dir='ltr'><strong>pertis</strong></span> <span class='ocrx_word' id='word_1_301' title='bbox 793 3540 836 3590; x_wconf 86' lang='lat' dir='ltr'><strong>est</strong></span> <span class='ocrx_word' id='word_1_302' title='bbox 854 3538 874 3591; x_wconf 91' lang='lat' dir='ltr'><strong>li</strong></span> <span class='ocrx_word' id='word_1_303' title='bbox 893 3539 947 3591; x_wconf 85' lang='lat' dir='ltr'><strong>atel</strong></span> <span class='ocrx_word' id='word_1_304' title='bbox 967 3555 987 3589; x_wconf 86' lang='lat' dir='ltr'><strong>s.</strong></span> <span class='ocrx_word' id='word_1_305' title='bbox 1006 3536 1092 3591; x_wconf 83' lang='lat' dir='ltr'><strong>Iehen</strong></span> <span class='ocrx_word' id='word_1_306' title='bbox 1110 3538 1218 3593; x_wconf 81' lang='lat' dir='ltr'><strong>bstiste.</strong></span> <span class='ocrx_word' id='word_1_307' title='bbox 1255 3536 1382 3591; x_wconf 85' lang='lat' dir='ltr'><strong>Seneetre</strong></span> 
     </span>
    </p>
   </div>
   <div class='ocr_carea' id='block_1_4' title="bbox 364 3631 1381 3898">
    <p class='ocr_par' dir='ltr' id='par_1_5' title="bbox 364 3631 1381 3898">
     <span class='ocr_line' id='line_1_32' title="bbox 364 3631 1381 3689; baseline 0 -3"><span class='ocrx_word' id='word_1_308' title='bbox 364 3631 471 3687; x_wconf 87' lang='lat' dir='ltr'><strong>scheint</strong></span> <span class='ocrx_word' id='word_1_309' title='bbox 495 3633 555 3687; x_wconf 90' lang='lat' dir='ltr'><strong>hier</strong></span> <span class='ocrx_word' id='word_1_310' title='bbox 580 3635 678 3688; x_wconf 82' lang='lat' dir='ltr'><strong>hetlich</strong></span> <span class='ocrx_word' id='word_1_311' title='bbox 702 3651 733 3688; x_wconf 86' lang='lat' dir='ltr'><strong>zu</strong></span> <span class='ocrx_word' id='word_1_312' title='bbox 758 3634 899 3688; x_wconf 82' lang='lat' dir='ltr'><strong>bedenten.</strong></span> <span class='ocrx_word' id='word_1_313' title='bbox 936 3636 1022 3688; x_wconf 90' lang='lat' dir='ltr'><strong>Wenn</strong></span> <span class='ocrx_word' id='word_1_314' title='bbox 1041 3635 1080 3687; x_wconf 78' lang='lat' dir='ltr'><strong>sie</strong></span> <span class='ocrx_word' id='word_1_315' title='bbox 1100 3634 1172 3689; x_wconf 76' lang='lat' dir='ltr'><strong>‹lunn</strong></span> <span class='ocrx_word' id='word_1_316' title='bbox 1200 3635 1250 3688; x_wconf 81' lang='lat' dir='ltr'><strong>mit</strong></span> <span class='ocrx_word' id='word_1_317' title='bbox 1268 3634 1316 3687; x_wconf 88' lang='lat' dir='ltr'><strong>der</strong></span> <span class='ocrx_word' id='word_1_318' title='bbox 1333 3634 1381 3686; x_wconf 80' lang='lat' dir='ltr'><strong>ke·</strong></span> 
     </span>
     <span class='ocr_line' id='line_1_33' title="bbox 365 3728 1380 3801; baseline 0 -20"><span class='ocrx_word' id='word_1_319' title='bbox 365 3728 433 3796; x_wconf 88' lang='lat' dir='ltr'><strong>pelle</strong></span> <span class='ocrx_word' id='word_1_320' title='bbox 452 3730 500 3783; x_wconf 84' lang='lat' dir='ltr'><strong>der</strong></span> <span class='ocrx_word' id='word_1_321' title='bbox 516 3731 605 3785; x_wconf 82' lang='lat' dir='ltr'><strong>Meris</strong></span> <span class='ocrx_word' id='word_1_322' title='bbox 622 3732 790 3801; x_wconf 75' lang='lat' dir='ltr'><strong>Aegyptiace</strong></span> <span class='ocrx_word' id='word_1_323' title='bbox 815 3734 1066 3800; x_wconf 77' lang='lat' dir='ltr'><strong>zsrsamrnengingc‚</strong></span> <span class='ocrx_word' id='word_1_324' title='bbox 1091 3748 1121 3785; x_wconf 84' lang='lat' dir='ltr'><strong>eo</strong></span> <span class='ocrx_word' id='word_1_325' title='bbox 1140 3734 1240 3786; x_wconf 73' lang='lat' dir='ltr'><strong>htnnte</strong></span> <span class='ocrx_word' id='word_1_326' title='bbox 1264 3746 1314 3799; x_wconf 83' lang='lat' dir='ltr'><strong>ger</strong></span> <span class='ocrx_word' id='word_1_327' title='bbox 1332 3728 1380 3782; x_wconf 83' lang='lat' dir='ltr'><strong>uel</strong></span> 
     </span>
     <span class='ocr_line' id='line_1_34' title="bbox 365 3824 1381 3898; baseline 0.004 -22"><span class='ocrx_word' id='word_1_328' title='bbox 365 3824 413 3879; x_wconf 75' lang='lat' dir='ltr'><strong>elec</strong></span> <span class='ocrx_word' id='word_1_329' title='bbox 432 3827 461 3881; x_wconf 87' lang='lat' dir='ltr'><strong>in</strong></span> <span class='ocrx_word' id='word_1_330' title='bbox 480 3844 592 3884; x_wconf 85' lang='lat' dir='ltr'><strong>neuerer</strong></span> <span class='ocrx_word' id='word_1_331' title='bbox 616 3831 669 3884; x_wconf 78' lang='lat' dir='ltr'><strong>neit</strong></span> <span class='ocrx_word' id='word_1_332' title='bbox 693 3829 845 3898; x_wconf 70' lang='lat' dir='ltr'><strong>gesundene</strong></span> <span class='ocrx_word' id='word_1_333' title='bbox 871 3830 937 3897; x_wconf 69' lang='lat' dir='ltr'><strong>grob</strong></span> <span class='ocrx_word' id='word_1_334' title='bbox 963 3846 1012 3884; x_wconf 84' lang='lat' dir='ltr'><strong>von</strong></span> <span class='ocrx_word' id='word_1_335' title='bbox 1036 3828 1146 3898; x_wconf 88' lang='lat' dir='ltr'><strong>Philipp</strong></span> <span class='ocrx_word' id='word_1_336' title='bbox 1165 3828 1316 3895; x_wconf 74' lang='lat' dir='ltr'><strong>il’huhigny</strong></span> <span class='ocrx_word' id='word_1_337' title='bbox 1341 3827 1381 3881; x_wconf 74' lang='lat' dir='ltr'><strong>uls</strong></span> 
     </span>
    </p>
   </div>
   <div class='ocr_carea' id='block_1_5' title="bbox 0 0 1698 4650">
    <p class='ocr_par' dir='ltr' id='par_1_6' title="bbox 0 0 1698 4650">
     <span class='ocr_line' id='line_1_35' title="bbox 0 0 1698 4650; baseline 0 0"><span class='ocrx_word' id='word_1_338' title='bbox 0 0 1698 4650; x_wconf 95' lang='lat' dir='ltr'><strong> </strong></span> 
     </span>
    </p>
   </div>
  </div>
 </body>
</html>
