3368 4650
339 502 402 571 118

335 680 598 768 intromitteret,
644 679 723 767 quin
766 682 820 751 vir
861 680 1061 767 sanguinum
1102 683 1188 760 orat.
1255 644 1407 779 Ergol'

336 833 419 902 quas
455 808 498 878 nd
536 808 602 877 boc
639 816 906 898 praeparaverat
942 827 1123 899 expensos,
1166 799 1355 888 Salomoni,

334 942 403 1014 filio
440 959 520 1028 suo,
563 938 615 1008 cui
652 959 674 1008 a
708 937 856 1009 Domino
893 937 1161 1029 concedebatur,
1199 936 1355 1024 tradidit,

336 1079 503 1167 quatenus
529 1070 609 1143 iude
635 1069 782 1141 Domino
810 1070 947 1141 domum
974 1075 1201 1146 constmeret.

416 1205 465 1276 Et
506 1201 698 1274 aedificavit
737 1223 800 1273 rex
826 1201 985 1273 Salomon
1028 1203 1062 1273 in
1099 1225 1181 1288 areo
1207 1204 1356 1277 Domino

335 1338 516 1426 templum,
545 1333 675 1423 idest,
704 1333 845 1424 Betbcl,
884 1338 922 1406 et
949 1334 1075 1423 altare,
1110 1337 1200 1425 quod
1228 1343 1265 1410 et
1292 1336 1356 1410 de·

335 1470 461 1542 dicavit
503 1467 755 1557 incomparabili
792 1472 921 1556 sumtu,
963 1471 1086 1557 petens
1128 1489 1150 1538 a
1190 1471 1353 1557 Domino,

335 1601 437 1696 quod,
467 1601 659 1692 quicunque
688 1590 730 1670 de
758 1621 956 1692 quocunque
994 1599 1188 1673 consuleret
1214 1622 1293 1674 eum
1318 1604 1355 1675 in

335 1760 386 1827 eo,
418 1734 571 1807 exaudiri
597 1738 804 1825 mereretur,
834 1733 925 1825 quod
953 1753 1151 1806 eoncessum
1178 1733 1246 1804 luit
1274 1737 1306 1806 ei
1334 1753 1358 1805 a

333 1868 490 1942 Domino.
524 1865 620 1955 Ergo
649 1867 767 1940 domus
778 1867 919 1939 Domini
947 1867 1067 1938 domus
1094 1867 1234 1940 consilii.
1265 1864 1356 1939 Illud

333 2009 446 2075 autem
473 2007 593 2090 postea
620 2021 683 2090 pro
710 2001 957 2074 incontinentia
972 2001 1135 2090 principis
1163 2005 1199 2073 et
1224 2000 1354 2093 populi,

334 2137 408 2209 Deo
436 2133 609 2226 puniente,
639 2135 837 2232 exspoliavit
855 2131 1178 2207 Nebucbodonosor
1204 2155 1268 2224 per
1281 2132 1355 2206 Na·

259 2267 263 2275 '
333 2267 528 2355 buzardam,
557 2267 745 2357 principem
773 2288 976 2358 coquorum,
1006 2272 1163 2358 tempore
1190 2265 1355 2340 Sedeziae

334 2401 433 2490 regis,
464 2401 640 2489 ipsumque
669 2400 840 2488 privatum
868 2401 912 2472 ab
931 2401 1015 2473 urbe
1043 2403 1231 2491 totumque,
1262 2396 1362 2490 quod*

331 2534 523 2624 speciosum
551 2531 703 2620 fulgebat
730 2532 763 2603 in
792 2533 878 2605 aede
906 2539 943 2604 et
971 2534 1115 2623 inorbo,
1145 2533 1224 2604 tulit
1236 2533 1355 2624 jussit·

333 2665 488 2756 quesibi
517 2665 551 2735 in
579 2664 755 2756 Babylone
781 2644 993 2757 praesentari
1021 2664 1195 2757 populum.
1245 2665 1354 2738 Paulo

331 2806 410 2890 post
444 2798 581 2890 quidem
615 2797 749 2870 Pharao
782 2797 922 2871 Necbao
962 2798 1123 2891 templum
1157 2796 1284 2870 delevit
1316 2801 1355 2871 et

332 2932 462 3004 urbem.
505 2931 613 3003 Modo
640 2950 735 3020 vero,
765 2952 808 3002 ne
835 2933 978 3004 relatori
1000 2931 1354 3004 videaturabsurdum

330 3065 544 3154 auditorique
557 3063 754 3154 taediosum,
774 3064 836 3136 sub
849 3065 970 3155 quibus
985 3070 1020 3136 et
1034 3085 1054 3136 a
1066 3063 1190 3155 quibus
1202 3071 1353 3137 restmc·

329 3199 437 3270 tiones
455 3205 490 3270 ot
509 3198 759 3270 destmctiones
778 3199 887 3293 primi,
908 3199 1048 3270 secundi
1063 3204 1099 3270 et
1115 3199 1209 3272 tertii
1233 3195 1354 3289 templi

328 3331 543 3421 exstitenmt,
556 3350 766 3423 enumerare,
779 3331 846 3403 boc
859 3331 903 3402 de
917 3331 1089 3422 praesenti
1102 3329 1237 3424 Betbel,
1251 3334 1354 3425 prout

331 3465 446 3536 verius
475 3483 610 3552 queam,
638 3463 711 3553 tibi,
742 3463 866 3536 dilecte
892 3464 957 3554 mi,
987 3465 1160 3538 elucidare
1190 3466 1350 3540 conabor.

331 3596 385 3668 De
401 3595 528 3668 Bothel
556 3617 651 3687 vero,
679 3597 743 3669 sub
771 3619 836 3689 qno
865 3603 902 3669 et
930 3619 951 3668 a
979 3618 1046 3689 quo
1074 3599 1227 3691 principe
1254 3601 1354 3674 resti·

332 3734 444 3800 tutum
471 3729 524 3819 sit,
554 3729 626 3802 lere
653 3730 840 3820 ignoratur.
880 3729 1026 3821 Quidam
1055 3732 1145 3805 euim
1171 3733 1233 3812 sub
1257 3733 1350 3807 Gon·
