3368 4650
1282 572 1345 639 lor

326 763 370 839 de
397 761 489 838 Saba
515 770 579 839 eto.
636 765 934 857 Evangelinm:
962 757 1049 835 Cum
1077 727 1223 831 intraret
1242 752 1346 828 Jesus

327 899 611 993 Hierosolymam.
693 898 806 973 Credo
853 899 887 971 in
935 918 1049 971 uonna.
1124 892 1345 967 Oilertor:

327 1036 461 1109 Dextra
505 1034 653 1107 Domini.
726 1032 921 1109 Secreta:
966 1033 1081 1123 Hane,
1130 1047 1345 1121 quaesumus,

326 1170 489 1259 Domine,
532 1169 693 1259 hostiam,
732 1189 832 1259 qnam
859 1169 923 1241 tibi
957 1167 1130 1259 supplices
1164 1160 1347 1249 oderimus,

328 1302 512 1392 dignanter
549 1302 684 1391 suscipe
731 1308 767 1374 et
804 1302 879 1393 ejus
919 1301 1082 1393 mysterio
1124 1318 1187 1368 uos
1228 1294 1350 1383 dignos

328 1433 446 1522 ellico,
487 1439 538 1520 nt,
588 1435 645 1522 qni
681 1434 724 1504 de
751 1433 940 1507 Jerusalem
969 1409 1127 1520 civitate,
1169 1429 1212 1501 de
1247 1447 1349 1500 manu

329 1584 536 1671 paganorum
571 1570 686 1651 eruta,
722 1565 809 1637 hunc
842 1567 931 1640 diem
964 1568 1097 1658 agiman
1131 1560 1348 1648 celebrando,

329 1696 488 1768 eoelestis
518 1695 709 1768 Jerusalem
745 1700 899 1772 concives
933 1698 1007 1771 lieri
1043 1695 1183 1768 tandem
1217 1714 1350 1765 merea·

327 1850 412 1900 rnur.
475 1827 546 1898 Per
586 1827 768 1899 Dominum
809 1837 878 1901 ete.
944 1828 1203 1904 Communio:
1247 1825 1351 1897 Jeru-

328 1961 453 2049 salem,
483 1981 585 2049 surge
614 1967 680 2033 etc.
738 1960 833 2050 Quod
866 1964 1059 2049 sumsimus,
1096 1959 1260 2049 Domine,
1295 1977 1351 2028 sa·

329 2092 510 2182 orificium,
555 2094 598 2166 ad
633 2095 787 2184 corporis
826 2102 861 2167 et
892 2097 1024 2167 animae
1059 2094 1155 2166 nobis
1195 2089 1351 2184 proficiat

327 2229 483 2316 salntem,
514 2235 560 2317 nt,
592 2229 649 2317 qni
679 2229 722 2301 de
750 2230 894 2301 civitatis
921 2233 1003 2301 tuae
1031 2227 1221 2301 Jerusalem
1250 2225 1353 2296 liber·

332 2368 408 2434 tate
442 2359 665 2451 gaudeamus,
702 2363 735 2433 in
763 2363 900 2435 coelesti
927 2361 1119 2434 Jerusalem
1146 2358 1353 2432 haereditari

330 2516 533 2568 mereamur.
592 2492 660 2567 Per
686 2494 877 2568 Dominum.

387 2628 447 2699 De
482 2628 869 2718 transfiguratione
904 2629 1079 2700 Domini.
1143 2628 1255 2716 Deus,
1296 2626 1354 2715 qui

333 2769 368 2832 te
396 2763 429 2832 in
458 2768 573 2832 monle
600 2761 785 2834 secundum
812 2773 960 2834 nostram
988 2764 1216 2835 substantiam
1243 2767 1356 2832 trans·

332 2893 473 2966 formari
493 2893 643 2984 voluisti,
662 2903 806 2986 praesto,
830 2916 1044 2986 quaesumus,
1076 2903 1113 2966 ut
1131 2894 1212 2967 illud
1228 2895 1354 2981 lumen,

335 3027 427 3119 qood
464 3027 529 3098 tuis
561 3028 728 3118 apostolis
759 3029 938 3101 ostendere
971 3028 1132 3118 dignatus
1165 3049 1217 3117 es,
1253 3025 1356 3116 largi·

336 3163 404 3233 aris
431 3166 467 3233 et
496 3160 602 3231 nobis.
639 3160 703 3250 Qui
732 3170 943 3253 compatre.
986 3160 1087 3233 Vlll.
1118 3161 1193 3233 idus
1219 3159 1357 3250 angusti

334 3295 528 3368 celebratur
560 3292 813 3383 transfiguratio
848 3296 981 3368 Domini
1017 3297 1050 3366 in
1086 3301 1202 3367 monte
1229 3293 1353 3365 Tabor.

334 3428 563 3501 lotroitns:
592 3424 782 3500 Benedicta
807 3431 851 3501 sit
878 3438 1008 3502 sauata.
1064 3429 1133 3502 Per
1161 3428 1354 3499 Dominum.

336 3561 506 3633 Oratio:
537 3558 640 3647 Deus,
672 3561 726 3651 qui
757 3562 919 3636 lrodierno
947 3564 1002 3636 die
1032 3563 1241 3651 unigenitum
1263 3568 1356 3632 tonan

336 3693 539 3767 mirabiliter
568 3692 843 3767 translonnatnm
868 3699 1012 3769 coelitus
1040 3697 1220 3787 utriusque
1248 3700 1356 3765 testa·

337 3828 441 3901 menti
486 3825 640 3916 patnons
685 3831 857 3923 revelasti,
904 3832 947 3904 da
988 3833 1100 3921 nobis,
1144 3849 1356 3921 quaesumus
