3368 4650
374 521 439 590 180

369 705 489 796 pideia.
546 704 584 775 in
612 694 742 775 Arabia
769 693 864 770 vallis
890 695 1030 785 Moisis,
1065 695 1099 767 in
1127 715 1195 787 qua
1219 698 1390 788 percussit
1444 770 1448 777 .

370 837 420 909 bis
447 836 572 908 silicem
601 837 687 909 duos
713 848 820 921 aquac
846 830 973 923 populo
999 829 1066 901 Dei
1092 829 1220 902 rivulos
1244 831 1389 903 reddea-

358 974 450 1059 tem,
481 968 669 1061 dequibus
696 962 797 1036 modo
816 969 889 1035 tuta
912 963 971 1033 ilia
993 962 1159 1052 irrigatur
1182 965 1307 1054 patria.
1348 966 1388 1037 In

368 1101 497 1174 Arabia
532 1096 721 1193 praecessit
759 1096 835 1167 filiis
867 1094 972 1167 israel
1012 1095 1171 1168 columna
1206 1098 1293 1187 iguis
1323 1118 1389 1188 per

351 1239 516 1322 noctem3
560 1239 667 1310 nubas
701 1249 783 1300 vero
817 1248 875 1299 eos
908 1227 1061 1300 vallavit·
1084 1229 1205 1302 dicbus
1235 1232 1386 1323 singulis.

365 1363 404 1435 ln
430 1366 560 1440 Arabia
588 1362 730 1441 Hclim
759 1366 822 1450 cst,
859 1361 914 1432 ubi
942 1360 1005 1433 filii
1033 1363 1140 1436 Israel
1168 1370 1282 1439 castra
1308 1376 1386 1441 suut

364 1499 497 1590 metati,
536 1502 669 1574 scilicet
707 1493 800 1565 lorus
839 1495 873 1564 iu
915 1495 1075 1588 deserto,
1110 1498 1169 1571 ubi
1209 1499 1383 1573 duodecim

363 1630 473 1706 sontes
520 1640 554 1705 et
603 1627 819 1723 suptuaginta
863 1627 993 1718 palmas
1043 1629 1086 1702 de
1139 1634 1224 1703 mari
1267 1632 1383 1704 Rubro

364 1773 527 1840 exeuntes
555 1764 769 1858 repererunt.
814 1759 850 1830 In
876 1759 1008 1834 Arabia
1036 1763 1262 1855 quadraginta
1289 1785 1384 1836 man·

361 1899 473 1970 sinnas
500 1899 646 1973 filiorum
676 1894 792 1964 lsrael.
846 1894 885 2002 In
914 1895 1048 1968 Arabia
1074 1917 1194 1967 mons
1221 1896 1379 1983 Horeb,

360 2024 404 2102 in'
436 2053 503 2122 quo
551 2031 707 2123 sepultus
749 2024 863 2098 Aaron
915 2030 1108 2119 requiescit.
1174 2030 1214 2100 ln
1254 2028 1382 2100 Arabia

358 2183 474 2235 mons
502 2157 759 2245 Abarim‚‘in
794 2179 860 2247 quo
897 2159 1065 2233 Dominus
1106 2162 1239 2236 Moisen
1283 2181 1379 2252 sepa

357 2292 445 2381 livit,
481 2294 556 2383 ejus
583 2301 700 2366 tamea
728 2309 888 2378 nusquam
922 2300 1112 2381 apparente
1141 2295 1280 2367 tumulo.
1339 2294 1377 2364 In

356 2424 488 2495 Arabia
515 2447 613 2499 mons
646 2421 706 2494 illc
733 2420 869 2511 regalis
904 2443 1007 2514 quem
1041 2423 1205 2497 Dominus
1239 2425 1378 2497 Baldui-

355 2578 433 2647 uus,
461 2561 591 2648 primus
618 2575 682 2631 rex
708 2551 899 2625 francorum
925 2554 959 2625 in
987 2555 1194 2648 Jerusalem,
1229 2558 1271 2629 ad
1304 2563 1376 2629 ter·

355 2711 426 2760 ram
454 2691 548 2763 iliam
576 2685 790 2764 Christicolis
816 2687 1030 2782 subjugavit,
1067 2696 1103 2761 ct
1135 2690 1179 2762 ad
1214 2692 1374 2762 tuendum

353 2842 494 2911 regnum
521 2824 633 2899 David
672 2818 803 2890 firmum
837 2816 999 2890 reddidit.
1062 2822 1190 2893 Arabia
1219 2824 1376 2913 jungitur

351 2951 571 3030 idumaeae
598 2961 634 3030 in
665 2951 787 3022 finibus
814 2948 969 3022 Bostron.
1012 2952 1173 3028 idumaea
1193 2959 1286 3028 terra
1302 2955 1374 3028 Da·

349 3088 464 3161 masei.
519 3090 684 3163 Idumaea
713 3089 825 3154 tamen
852 3083 915 3155 sub
944 3083 1053 3174 Syria.
1111 3086 1224 3179 Caput
1253 3087 1372 3180 Syriae
1447 3070 1449 3074 ¹

349 3218 487 3308 quidem
516 3221 717 3296 Damascus.

350 3373 399 3438 23.
440 3373 500 3442 Ubi
524 3377 629 3445 Maria
655 3370 872 3439 Elisabatbam
895 3372 1069 3453 visitarit,
1103 3373 1226 3454 Dedin,
1250 3376 1370 3459 Lydda,

435 3483 574 3551 caesara
597 3479 797 3558 Palaestina,
821 3481 941 3546 mantua
965 3480 1049 3546 Kaiu
1073 3482 1106 3547 at
1130 3483 1301 3553 carmelus.

424 3619 555 3709 Quarto
583 3617 744 3696 milliario
772 3619 815 3689 ab
841 3617 1033 3693 Jerusalem
1062 3625 1184 3690 contra
1217 3627 1368 3692 austrum

344 3752 503 3841 oppidum
536 3755 635 3847 illud,
676 3750 711 3818 in
746 3770 813 3838 quo
847 3751 1042 3822 morabatur
1069 3751 1250 3823 Zacharias
1285 3759 1365 3825 tuac

1165 4532 1185 4585 Id!
1331 4468 1363 4586 ι
