3368 4650
661 545 729 612 174

660 727 775 820 posuit
812 723 919 798 Jacob
959 722 1135 797 duodecim
1174 722 1306 815 lapides
1346 675 1415 795 non
1455 723 1606 795 modicos
1643 726 1679 796 in

660 862 898 932 testamentum
925 854 1104 928 duodecim
1131 853 1277 927 filiorum
1305 876 1461 928 suorum:
1495 856 1591 950 cujus
1617 857 1678 929 ad·

661 991 728 1064 huc
757 989 905 1081 pyramis
932 1009 955 1060 a
980 987 1229 1061 transeuntibus
1253 986 1367 1061 videri
1394 994 1516 1082 potest.

661 1219 728 1291 20.'
751 1222 904 1292 iordanis
939 1223 1076 1304 fluvius,
1127 1221 1286 1292 desertum
1323 1222 1552 1309 Queruntena,
1591 1243 1680 1294 monn

750 1329 967 1412 donationis,
999 1330 1072 1398 rom
1101 1329 1257 1410 Habenti,
1290 1331 1381 1399 locun
1409 1333 1508 1413 ooooi,
1539 1333 1680 1415 iericho,

750 1434 920 1520 Betbagia,
943 1435 1100 1521 lingnddi.

741 1655 907 1727 Dominus
932 1660 1063 1744 noster,
1092 1675 1167 1727 cum
1194 1657 1314 1747 viginti
1343 1678 1467 1732 novem
1497 1664 1588 1731 esset
1614 1679 1676 1730 an·

661 1810 785 1862 norum
800 1794 838 1862 et
858 1788 1022 1862 tredecim
1043 1788 1183 1880 dierum,
1197 1794 1237 1862 nt
1248 1790 1361 1864 Lucas
1373 1792 1433 1883 ait,
1449 1792 1678 1883 inciperetque

661 1924 758 2016 quasi
801 1923 1013 2013 trigesimum
1058 1942 1198 2014 annum,
1232 1924 1352 2027 uolens
1389 1926 1680 1998 circumcisionem

660 2055 760 2128 iinire
792 2060 830 2127 et
862 2061 1016 2127 veterem
1048 2055 1217 2128 bominem
1251 2078 1344 2148 aqua
1375 2057 1588 2130 sanctificata
1621 2077 1677 2127 re-

661 2181 801 2278 n'ovare,
830 2187 987 2260 venitin
1016 2187 1186 2262 desertum
1213 2190 1258 2262 ad
1285 2190 1489 2280 iohannem,
1517 2208 1679 2283 praecur-

660 2340 775 2393 sorem
802 2340 911 2410 sunm,
941 2326 978 2391 et
999 2320 1191 2410 baptizatus
1218 2327 1272 2395 est
1299 2323 1344 2395 ab
1364 2343 1406 2394 eo
1422 2322 1456 2394 in
1471 2321 1678 2406 dordone,

598 2547 604 2557 ¹
657 2453 694 2524 in
722 2475 764 2527 eo
792 2447 899 2542 loco,'
921 2453 979 2542 qui
1013 2452 1118 2524 distat
1150 2453 1193 2526 ab
1225 2454 1370 2529 Jericho
1408 2455 1520 2546 lapide
1556 2451 1676 2523 tertio:

658 2588 718 2660 ubi
738 2606 805 2658 von
832 2585 938 2676 patris
965 2586 1016 2657 sui
1043 2586 1186 2657 intonuit
1212 2608 1316 2679 super
1344 2609 1430 2682 eum,
1460 2586 1588 2658 dicens:
1607 2581 1681 2655 Hic

659 2724 711 2791 est
734 2716 833 2807 filino
858 2738 954 2789 meus
981 2717 1126 2789 dilectae
1152 2724 1221 2792 etc.
1284 2719 1445 2793 Jordanis
1478 2722 1593 2788 autem
1629 2722 1681 2787 est

658 2851 792 2941 fluvius,
821 2851 878 2940 qui
905 2870 927 2920 u
954 2849 1085 2922 duobus
1111 2838 1267 2942 tontibus,
1297 2853 1426 2925 scilicet
1443 2849 1510 2923 Jor
1535 2854 1570 2920 et
1590 2848 1678 2937 Dan,

659 2987 718 3075 qni
753 2983 797 3056 ud
831 2981 983 3054 radicem
1012 2981 1132 3054 Libani
1163 2986 1320 3057 oriuntur
1349 2990 1400 3083 et,
1437 2984 1517 3071 post
1543 2979 1680 3067 longum

657 3121 807 3190 tractum
850 3115 991 3186 seorsim
1031 3087 1191 3207 fluenter,
1238 3116 1300 3189 sub
1341 3113 1510 3188 montibus
1549 3109 1681 3187 Geiboe

659 3251 919 3342 conjunguntur,
949 3246 1131 3322 conficitur.
1172 3222 1321 3339 Spiritus
1339 3266 1472 3340 quoque
1490 3250 1629 3318 sanctus
1648 3246 1681 3317 in

662 3381 783 3453 eodem
809 3386 984 3470 ternpore,
1021 3381 1154 3472 quando
1180 3380 1335 3453 Christus
1361 3377 1616 3471 baptizabatur,
1646 3380 1682 3450 in

659 3515 776 3604 specie
818 3512 996 3586 columbae
1036 3534 1140 3607 nuper
1173 3513 1284 3603 ipsum
1326 3512 1439 3600 venit,
1484 3510 1680 3603 ostendens,

661 3667 750 3736 eum,
779 3667 846 3718 non
874 3644 1066 3722 Johnnnem
1093 3643 1320 3720 sanctificandi
1344 3664 1451 3736 aquas
1476 3648 1682 3733 potestatem

660 3778 799 3852 habere.
856 3777 987 3855 ibidem
1013 3803 1149 3877 quoqne
1174 3793 1300 3870 prope,
1336 3777 1498 3850 videlicet
1532 3778 1681 3851 secundo
