3368 4650
1317 550 1358 615 13

333 733 445 824 daret,
475 737 512 806 et
538 733 597 807 ille
624 755 740 809 secum
752 738 917 827 pergeret
945 739 1045 826 pater
1064 732 1151 825 ejus,
1180 729 1355 824 poscebat.

334 868 489 962 Cumque
518 869 630 962 illum,
672 869 718 944 ad
750 871 837 943 tanti
866 870 979 963 operis
1009 868 1142 940 initium
1170 871 1358 956 tantaeque

334 1006 426 1078 ritae
460 1006 756 1078 conversationem
789 1004 982 1093 invitando,
1022 1025 1043 1077 a
1075 1002 1204 1077 saacrdi
1237 1001 1357 1093 volup·

333 1139 469 1226 tatibus,
499 1160 528 1242 a,
546 1140 661 1211 muudi
690 1139 833 1227 deliciis,
862 1160 883 1211 a
911 1137 1110 1230 temporalis
1144 1136 1236 1209 vitae
1264 1133 1357 1207 falsis

332 1269 525 1341 divitiarum
553 1272 727 1362 prosperis
752 1272 966 1362 suggerendo
994 1291 1179 1360 segregare
1207 1269 1355 1358 solebat,

330 1409 368 1472 et
396 1401 500 1487 illurn,
531 1402 722 1491 opitulante
736 1404 892 1493 Domino,
922 1405 965 1475 ad
993 1411 1109 1477 rectae
1137 1394 1370 1473 constitutio?

331 1535 382 1605 nis
409 1532 554 1604 sormam
583 1541 618 1604 et
646 1533 689 1603 ad
717 1536 875 1609 coelestis
888 1537 1027 1608 militiae
1045 1535 1239 1608 tirocinium
1267 1534 1354 1605 divi·

331 1687 410 1738 num
459 1666 619 1738 inchoare
669 1669 847 1739 servitium
897 1671 1141 1761 propriamque
1191 1665 1354 1737 deserere

330 1799 475 1891 patriam
505 1808 541 1870 et
566 1799 684 1890 patula
703 1820 816 1872 secum
843 1800 1125 1890 peregrinationis
1151 1797 1354 1890 perquirere

331 1953 413 2003 rura
439 1934 596 2021 rogabat,
628 1934 737 2004 etsie
765 1933 856 2005 illam
886 1933 1040 2021 primitas
1069 1931 1201 2004 blandis
1229 1952 1352 2004 oracu-

330 2065 438 2136 lorum
471 2064 593 2135 studiis
629 2065 833 2156 alloquendo
873 2065 1058 2152 invitabat,
1094 2071 1152 2153 ut,
1189 2065 1352 2138 comitatu

330 2198 472 2269 tiliorum
502 2198 577 2289 ejus
604 2196 759 2288 iungens,
789 2200 927 2288 egregia
948 2197 1062 2269 adiret
1075 2197 1183 2286 Petri,
1213 2207 1353 2287 aposto.

329 2333 438 2402 lorum
466 2330 643 2421 principis,
681 2332 809 2403 limina:
850 2338 928 2403 tunc
962 2331 1017 2403 ille
1046 2331 1264 2422 adprimitus,
1293 2331 1351 2402 illo

328 2464 538 2555 postulante,
574 2465 716 2555 petitum
746 2472 934 2555 negaverat
960 2464 1156 2552 transitum,
1187 2485 1351 2536 excusan-

327 2597 441 2687 doque
475 2598 628 2689 eonjugis
663 2606 698 2669 et
734 2599 916 2671 liberorum
955 2598 1197 2669 inoletivoram
1237 2600 1350 2688 parvi·

326 2738 432 2803 tateru
467 2738 504 2801 et
531 2729 747 2819 fragilitatem
775 2731 852 2802 illos
886 2731 1008 2801 orbare
1036 2735 1073 2801 et
1101 2731 1221 2801 alienis
1249 2730 1348 2804 dere-

327 2863 478 2953 linquere
527 2863 740 2935 inhonestum
789 2873 826 2933 et
863 2863 1002 2935 crudele
1042 2883 1118 2935 esse
1160 2864 1344 2953 respondit.

326 2994 420 3066 Tunc
449 2995 505 3067 ille
532 2996 677 3084 belliger
689 2996 818 3070 Christi
833 2997 939 3086 miles,
970 2998 1100 3068 iteratis
1118 2994 1348 3068 hortationum

325 3128 471 3199 oraculis
497 3130 697 3219 magnisque
725 3150 863 3218 precum
896 3127 1213 3220 perdurationibus,
1248 3130 1350 3201 toties

325 3280 389 3350 per
436 3261 613 3349 asperiora
658 3262 829 3351 rigidioris
870 3263 960 3333 ritae
1007 3262 1210 3333 documenta
1255 3271 1347 3335 metu

324 3400 362 3463 et
389 3394 487 3463 minis
506 3395 723 3486 objurgabat,
756 3404 790 3465 et
801 3397 902 3467 toties
917 3395 1057 3484 placidis
1079 3397 1168 3466 vitae
1184 3404 1346 3466 aeternae

325 3527 571 3614 sponsionibus,
601 3528 808 3601 amoenitate
837 3527 984 3617 paradisi
1012 3534 1050 3599 et
1077 3547 1193 3597 amore
1222 3527 1346 3600 Christi

325 3656 504 3729 moliendo
539 3660 632 3731 illum
669 3660 866 3749 instigabat,
904 3669 939 3732 et
971 3662 1019 3732 ita
1047 3660 1203 3732 omnibus
1238 3662 1346 3732 rnodis

325 3791 502 3880 hortando,
532 3793 793 3884 alloquendoad
820 3815 901 3866 suae
931 3795 1113 3866 volurrtatis
1143 3815 1345 3866 corasensom
