3368 4650
1291 592 1353 659 101

331 777 535 870 flagellatus,
565 783 602 849 et
629 796 747 870 prope,
777 780 896 848 contra
923 775 1115 866 origentem
1144 769 1355 866 (orientem),

335 933 400 1003 per
442 912 624 985 descensus
658 909 790 984 XLllll
829 911 996 1001 graduum
1042 915 1095 980 est
1140 910 1251 999 lonas,
1297 907 1354 979 nbi

332 1053 448 1117 moda
477 1067 558 1117 crux
585 1066 607 1117 a
633 1053 749 1118 sancta
775 1045 911 1119 Helena
944 1045 1009 1117 fnit
1036 1045 1188 1117 inventa.
1234 1041 1274 1114 In
1302 1062 1357 1114 ec·

332 1177 436 1250 alesia
478 1187 530 1249 est
568 1178 839 1268 sepulchrum
874 1177 1057 1266 Domini,
1098 1184 1134 1249 et
1167 1175 1214 1248 ibi
1243 1175 1355 1267 jnxta,

331 1316 455 1379 eontra
496 1309 678 1399 orientem,
719 1311 753 1380 in
791 1313 904 1384 medio
945 1310 1058 1401 chosi,
1103 1316 1155 1383 est
1196 1308 1355 1381 medius

330 1437 488 1527 mundi,
519 1441 575 1510 ubi
605 1440 769 1514 Dominus
795 1443 858 1514 fuit
885 1445 1028 1534 positus,
1064 1443 1200 1533 quaudo
1228 1440 1355 1514 Nicho·

332 1571 451 1642 demus
478 1571 633 1662 deposuit
660 1594 736 1644 eum
765 1574 808 1646 de
837 1596 951 1647 cuneo.
1010 1576 1041 1645 A
1069 1574 1205 1646 sinistro
1240 1574 1351 1646 latere

330 1710 384 1775 est
413 1723 533 1774 carcer
559 1702 713 1791 Domini,
755 1712 790 1776 et
829 1707 875 1778 ibi
909 1727 1019 1797 prope
1054 1712 1108 1777 est
1142 1706 1256 1793 locus,
1296 1705 1353 1776 ubi

329 1841 444 1909 sauata
471 1855 554 1907 crux
582 1834 755 1906 adoratur.

408 1966 517 2039 Juxta
545 1968 721 2041 ecelesiam
749 1969 918 2058 sepnlelni
940 1975 991 2042 est
1019 1968 1210 2042 eeclesia
1236 1989 1352 2041 sane·

329 2109 398 2175 tae
428 2100 613 2191 Mariae,
650 2122 737 2192 quan
765 2101 896 2190 dieitur,
925 2103 1106 2201 latinae,
1142 2102 1198 2173 nbi
1228 2101 1352 2173 dicitm

327 2241 443 2308 saneta
471 2232 583 2304 Mania
614 2232 820 2322 Magdaleua
847 2240 882 2307 et
909 2243 1031 2307 sancta
1060 2234 1170 2306 Mania
1198 2232 1350 2322 cleophe

328 2368 533 2441 dilaeeuasse
561 2366 703 2458 capillos
731 2390 818 2456 suos,
850 2370 985 2459 quando
1015 2368 1181 2440 Dominus
1209 2368 1272 2440 luit
1288 2387 1350 2457 po·

327 2503 410 2573 situs
439 2501 471 2572 in
500 2520 611 2588 nuce,
641 2508 677 2572 et
705 2501 750 2571 ini
779 2508 831 2573 est
857 2493 1080 2592 hospitale
1108 2502 1253 2574 sancti
1280 2499 1351 2572 Jo-

328 2634 478 2706 hannis
506 2631 692 2723 Baptistae.

407 2768 462 2838 Ab
498 2767 565 2838 isto
601 2765 688 2854 loco,
719 2772 881 2855 qnantum
916 2772 1030 2857 potest
1064 2786 1168 2837 arcus
1202 2765 1253 2836 bis
1280 2771 1349 2838 tra·

328 2901 411 2973 here
439 2895 581 2994 (malui),
611 2904 663 2969 est
692 2883 894 2986 templum
921 2898 1084 2971 Domini
1121 2919 1142 2968 a
1170 2895 1349 2969 Salomone

327 3053 409 3123 rege
439 3033 647 3119 fabricatum,
678 3031 710 3101 in
740 3052 806 3121 quo
834 3038 913 3104 suut
947 3039 1097 3123 quatuor
1124 3030 1287 3102 introitus
1314 3038 1349 3101 et

325 3166 501 3239 duodecim
533 3172 664 3253 portae.
724 3162 761 3234 ln
790 3165 902 3237 medio
932 3163 1061 3254 templo
1089 3171 1144 3234 est
1172 3182 1349 3252 magnus

326 3299 435 3389 lapis
463 3298 610 3389 positus,
648 3296 703 3367 nbi
733 3297 795 3367 luit
824 3297 930 3369 archa
965 3295 1116 3369 foedenis
1151 3297 1278 3385 posita,
1315 3296 1347 3366 iu

326 3453 392 3523 qua
420 3452 507 3502 suune
535 3439 588 3502 est
616 3433 718 3501 etiam
750 3431 846 3518 virga
868 3432 984 3502 Aaron
1015 3436 1051 3501 et
1081 3428 1218 3501 tabulae
1247 3437 1348 3502 testa·

326 3566 432 3635 menti
473 3573 510 3635 et
546 3563 748 3635 caudelabra
776 3582 897 3654 aurea,
927 3571 964 3636 et
992 3582 1095 3650 urna,
1135 3563 1168 3633 in
1203 3583 1269 3652 qua
1296 3569 1349 3635 est

328 3717 462 3784 manna,
491 3717 580 3787 quae
609 3697 652 3766 de
674 3695 769 3768 coelo
800 3696 896 3785 pluit,
926 3705 961 3768 et
990 3695 1035 3768 ibi
1065 3695 1151 3785 ignis
1177 3693 1346 3783 malificii,

329 3837 366 3901 et
393 3829 503 3901 adhuc
530 3828 679 3902 destillat
706 3827 829 3918 oleum,
859 3829 948 3902 uude
977 3848 1077 3920 reges
1096 3835 1132 3901 et
1158 3828 1347 3921 prophetae
