3368 4650
1283 557 1346 633 lut

325 761 424 855 cujus
450 779 573 853 rnrpue
600 757 756 850 discipuli
782 756 836 829 sui
865 755 902 826 iu
926 754 1041 851 Juppe
1055 753 1133 827 nevi
1154 749 1348 844 impositum

325 893 558 969 iuGulieium
592 891 809 981 detulerunt,
845 891 956 980 capite
991 910 1054 963 suo
1088 888 1122 960 in
1157 882 1349 960 Palaestine

326 1033 536 1102 remanente.
593 1024 723 1098 Eadem
751 1031 839 1097 teste
866 1022 976 1096 adhuc
1005 1023 1040 1095 iu
1069 1023 1189 1095 eudem
1207 1018 1350 1094 ecelesia

327 1159 518 1253 peregrinis
544 1157 803 1229 advenientibus
829 1156 1033 1229 ostenditur.

410 1294 452 1364 Iu
486 1290 649 1361 deeeeusu
683 1287 836 1380 ejmdm
869 1259 1021 1381 plateae,
1059 1309 1178 1361 versus
1203 1291 1348 1379 portem,

328 1444 396 1515 que
422 1424 491 1493 itur
519 1421 562 1491 ud
590 1419 765 1508 templum,
787 1419 831 1490 ud
850 1420 1006 1494 dextram
1021 1443 1156 1494 menum
1171 1426 1225 1494 est
1239 1417 1346 1510 quod·

329 1557 406 1627 dem
435 1551 669 1622 diverticulum
697 1551 923 1642 perlongum
942 1554 1121 1644 porticum,
1151 1553 1187 1624 in
1216 1572 1283 1642 qnu
1298 1552 1353 1622 viu

329 1694 383 1760 est
423 1681 591 1773 hospitale
630 1701 705 1752 curu
734 1683 891 1774 ecclesia,
932 1707 1020 1777 quue
1055 1682 1093 1756 fit
1125 1685 1169 1756 de
1199 1703 1289 1755 noro
1318 1684 1351 1752 in

330 1819 460 1889 honore
487 1819 628 1886 sunctae
657 1811 808 1902 Mariae,
844 1824 881 1889 et
913 1825 1056 1889 voretur
1090 1815 1236 1887 domus
1268 1813 1353 1885 ule·

330 1967 593 2034 murinorum,
636 1947 690 2019 cui
718 1946 818 2037 peuri
847 1948 902 2017 vei
935 1949 1018 2019 nulli
1047 1949 1190 2020 alterius
1218 1946 1353 2035 linguae

332 2084 485 2153 homiues
513 2079 640 2169 aliquid
667 2080 748 2151 boni
776 2078 966 2152 conterunt.

334 2343 381 2408 ld.
417 2339 549 2425 depelle
571 2355 597 2404 e.
622 2339 712 2407 Petri
734 2339 776 2407 ud
795 2341 937 2418 vinnula,
959 2342 1058 2424 purte
1074 2340 1196 2421 temen,
1219 2342 1353 2409 euoleeiu

420 2453 454 2515 et
476 2449 704 2515 monesterium
732 2466 757 2513 e.
783 2449 910 2526 unae,
941 2448 1066 2532 pientur
1088 2450 1277 2532 probatice,
1309 2465 1353 2514 ee

420 2555 521 2622 eleeiu
542 2573 569 2619 r.
595 2555 714 2620 [urire
730 2553 949 2637 unguerem,
973 2553 1080 2620 rorum
1095 2556 1230 2640 triplex,
1248 2572 1353 2634 erem,

421 2663 476 2728 ubi
501 2677 528 2726 e.
552 2661 658 2727 luris
679 2661 816 2744 quievit
840 2660 973 2727 eceloein
997 2679 1023 2725 r.
1049 2661 1247 2727 charitonie

411 2878 449 2949 Iu
477 2878 598 2949 eudem
627 2877 680 2948 riu
708 2899 824 2950 versus
851 2885 995 2969 portem,
1026 2898 1094 2968 que
1113 2875 1242 2949 iturud
1257 2896 1352 2949 mon-

334 3019 404 3084 tem
432 3008 540 3099 Sion,
570 3019 624 3082 est
649 3011 812 3102 quaedem
832 3009 1198 3100 capelluinhunore
1216 3010 1352 3082 saneti

334 3144 451 3216 Petri
480 3140 671 3232 aedificate,
699 3145 731 3214 in
760 3146 858 3236 cujus
888 3149 1010 3234 crypta
1037 3143 1121 3214 sutis
1135 3144 1169 3213 iu
1183 3143 1353 3236 profundo

332 3276 530 3348 abscondite
571 3274 693 3347 dieitur
734 3297 850 3347 carcer
885 3276 1006 3366 fuisse,
1050 3270 1097 3347 in'
1126 3298 1195 3368 quo
1235 3276 1355 3348 beaten

334 3408 471 3498 Petrus,
513 3406 636 3479 ferreis
676 3409 807 3500 rutenis
841 3408 983 3499 ligatus,
1026 3409 1180 3481 riustndiu
1212 3410 1354 3481 militum

332 3547 402 3612 tum
430 3547 537 3630 extre,
566 3561 666 3630 quum
693 3543 784 3614 intus
811 3541 977 3632 adhibitu,
1003 3542 1100 3635 jussu
1123 3541 1276 3614 Herodis
1305 3541 1354 3614 di·

333 3674 480 3762 ligenter
511 3673 729 3762 servitutum
769 3675 831 3746 sed
874 3696 916 3748 ee
956 3675 1136 3765 diligentia
1177 3675 1272 3748 eluse
1303 3684 1355 3746 est

334 3806 446 3878 dirim
471 3807 637 3896 potentin
694 3806 781 3880 Num
816 3809 938 3882 eudem
965 3817 1085 3899 uncte,
1115 3810 1229 3898 rugeli
1258 3807 1356 3879 obse·

1143 3929 1185 3995 11
