3368 4650
1282 585 1349 649 227

326 769 394 846 Per
421 772 508 845 banc
533 777 690 862 tempore
708 770 846 863 pluviae
868 769 1099 846 descendebat
1121 765 1239 841 sordes
1265 765 1349 837 ciri·

326 905 408 977 tatis
436 906 469 978 in
497 912 683 979 torrentem
711 906 858 981 Cedron.
895 905 963 979 Per
986 905 1085 979 istum
1105 909 1240 995 portam
1269 908 1346 973 erat

327 1039 382 1111 ria
408 1041 442 1111 in
470 1039 657 1129 desertum,
686 1041 777 1132 quud
805 1050 858 1115 est
885 1043 978 1115 inter
1003 1038 1195 1113 Jerusalem
1224 1042 1259 1110 et
1285 1035 1347 1108 Je-

324 1170 437 1259 ricbo,
480 1173 570 1263 quud
613 1154 701 1246 nuuc
739 1176 866 1248 dicitur
904 1176 1079 1248 desenum
1120 1169 1348 1261 Quarantana.

327 1298 431 1373 Sexta
474 1311 601 1396 porta
640 1314 716 1378 erat
762 1307 887 1381 valiis
930 1315 968 1379 et
1006 1303 1187 1377 dicebatur
1226 1307 1351 1395 porta

325 1438 491 1525 gregis,
520 1437 600 1527 qnia
626 1457 691 1528 per
717 1459 792 1510 eam
819 1439 1064 1512 inducebantur
1079 1456 1204 1528 greges
1231 1436 1351 1507 immo·

325 1565 418 1637 iandi
451 1567 494 1638 ad
521 1569 702 1658 tempium,
738 1570 791 1641 cni
817 1572 1071 1663 adjungebatur
1105 1577 1142 1643 et
1169 1569 1264 1659 quasi
1282 1566 1352 1639 ad·

326 1697 495 1770 baerebat
534 1699 767 1790 probatica
799 1703 982 1794 piscina,
1026 1703 1061 1773 in
1103 1720 1171 1790 qua
1215 1700 1351 1774 bestiae

325 1830 539 1903 lavabuntur.
575 1830 666 1903 Huic
686 1840 807 1921 portae
826 1835 991 1909 adhaeret
1003 1831 1350 1925 (turris)Ananael,

326 1982 415 2054 quae
443 1964 544 2034 etiam
572 1961 786 2036 Nebnlcsa
813 1965 1010 2055 dicebatur,
1047 1972 1084 2035 nt
1111 1961 1211 2035 illud:
1241 1960 1350 2033 Aedi·

323 2093 487 2184 ficnbitur
503 2092 655 2166 Domino
683 2098 805 2168 civitem
831 2099 964 2168 uturru‘
981 2094 1146 2168 Annesel
1167 2117 1276 2188 usque
1304 2095 1354 2166 ad

321 2235 463 2320 portum
490 2227 625 2318 capuli,
662 2250 749 2319 quae
783 2236 836 2302 est
869 2239 968 2321 porta
1002 2231 1196 2324 Benjamin.
1253 2228 1351 2300 Hauc

327 2363 476 2433 turrim
503 2361 662 2434 Herodes
696 2383 837 2453 magnus
871 2363 1073 2435 instauravit
1105 2369 1142 2436 et
1176 2362 1351 2453 appelavit

330 2495 553 2566 Antoniam
590 2495 623 2565 in
657 2496 823 2571 honorem
849 2497 1022 2586 cujusdem
1052 2484 1200 2568 Antonii.
1260 2493 1353 2566 Haec

329 2628 427 2700 ducit
461 2628 504 2700 ad
539 2633 688 2699 muntem
724 2628 850 2702 Oliveti
884 2636 921 2701 et
956 2629 1160 2700 Bethaniam
1202 2635 1238 2700 et
1272 2626 1352 2699 Jor·
1458 2672 1466 2691 .

333 2760 466 2833 danem.
522 2761 676 2849 Septima
703 2770 802 2853 porta
827 2770 879 2833 est
905 2768 1030 2853 porta
1057 2781 1197 2831 aurea.
1255 2760 1352 2831 Haec

333 2914 400 2965 non
422 2894 567 2965 ducebat
588 2895 620 2965 in
639 2895 810 2968 civitatem
828 2895 1036 2981 immediate,
1055 2892 1116 2964 sed
1135 2894 1168 2964 in
1190 2892 1353 2985 templum

333 3045 398 3115 per
425 3025 663 3116 compendium
693 3028 737 3100 de
765 3035 878 3100 monte
898 3024 1024 3099 Oliveti
1053 3046 1119 3115 per
1144 3026 1351 3097 testudinem

333 3159 514 3248 quamdam
542 3160 639 3230 sitam
668 3181 733 3250 per
760 3161 879 3233 vallem
908 3158 1088 3252 Jcsapbat.
1140 3156 1273 3231 Octava
1300 3167 1353 3230 est

333 3297 457 3380 porta
484 3312 707 3382 aquarum,
732 3293 812 3383 quia
829 3314 892 3384 per
905 3315 980 3367 eam
1001 3293 1226 3384 portabantur
1240 3313 1353 3383 equae

332 3422 377 3493 de
411 3427 578 3496 nutatoriu
611 3424 712 3498 Silae.
780 3426 867 3496 Erat
904 3432 1021 3497 autem
1060 3427 1126 3496 sita
1161 3427 1194 3496 in
1227 3424 1354 3512 angulo

333 3564 454 3627 contra
482 3564 615 3648 purtem
645 3559 748 3650 iliam,
779 3558 835 3629 ubi
856 3579 952 3630 mons
971 3558 1053 3631 Sion
1075 3566 1111 3629 et
1130 3579 1227 3629 mons
1240 3556 1354 3628 bieria

333 3689 389 3762 vei
417 3710 513 3760 mons
532 3688 725 3763 Herbarum
755 3694 959 3763 conveniunt
989 3693 1023 3763 in
1052 3691 1178 3780 angulo
1205 3690 1350 3762 ducrum

331 3841 518 3911 murorum,
537 3823 664 3896 scilicet
685 3824 806 3895 montis
819 3823 910 3916 Sion,
939 3832 975 3896 et
991 3845 1101 3915 muro,
1122 3825 1180 3917 qni
1199 3822 1356 3912 cingebat

1142 3945 1209 4008 15·
