3368 4650
1267 573 1306 638 11

284 764 318 834 in
347 785 389 835 eo
411 765 483 856 jam
511 774 591 839 tunc
619 765 733 837 divina
754 763 891 855 spiritus
918 761 1026 833 sancti
1055 758 1177 850 gratia,
1207 775 1307 846 quam

285 899 440 991 eorporis
472 899 674 991 magnitudo
703 905 860 971 creverat
887 895 1188 969 autmembrorum
1216 888 1308 961 valc-

287 1031 389 1104 tudo:
418 1041 579 1125 totusque
602 1035 677 1126 jam
704 1032 761 1105 illc
789 1032 823 1103 in
849 1031 914 1104 Dei
943 1049 1095 1101 amorem
1112 1045 1305 1112 conversus,

284 1185 407 1252 magna
418 1166 539 1236 mentis
566 1165 728 1236 diuturna
754 1164 973 1237 meditatione
989 1161 1168 1234 tractando
1189 1178 1306 1233 mona·

282 1295 435 1365 stenelia
479 1295 720 1367 moderationis
760 1297 982 1367 instrumenta
1026 1294 1305 1384 monachalisque

282 1426 372 1496 vitae
400 1426 630 1497 monarchiam
664 1427 698 1496 in
726 1426 843 1498 abdita
876 1428 997 1499 mentis
1026 1427 1222 1518 quietudine
1250 1425 1305 1496 die

280 1566 450 1646 noctuque
490 1557 633 1628 sollicite
661 1558 858 1645 volutabat,
901 1558 1071 1651 quomodo
1104 1558 1239 1630 illorum
1266 1576 1305 1626 se

283 1690 554 1778 intercopularet
605 1693 697 1761 casta
743 1690 983 1762 monachorum
1031 1687 1205 1776 clientela,
1245 1690 1304 1759 aut

280 1820 426 1910 qualiter
463 1821 597 1892 illorum
636 1819 756 1892 lanatis
790 1818 954 1893 interiore
988 1821 1095 1912 possit
1127 1818 1303 1892 familiaris

282 1954 371 2024 vitae
398 1951 591 2045 disciplinis.

462 2283 517 2350 Vl.
552 2283 780 2368 Peregrinatla
802 2285 836 2350 iu
861 2289 995 2352 mantem
1018 2287 1121 2354 vanlt.

357 2480 519 2575 Cumque,
548 2484 614 2555 ista
632 2482 771 2556 sedulae
784 2484 874 2556 intra
901 2488 1026 2559 meotis
1054 2486 1299 2559 volubilitatem

278 2617 437 2705 volvens,
481 2623 629 2689 tractare
667 2619 799 2708 coepit,
846 2619 993 2709 qualiter
1034 2620 1099 2690 ista
1136 2615 1299 2705 cogitatio

275 2749 506 2839 depromerem
548 2748 764 2842 proferrique
801 2751 927 2843 poterit
965 2751 999 2822 in
1035 2751 1211 2836 ellectum,
1261 2754 1299 2820 nt

275 2881 406 2954 caduca
433 2890 556 2955 cuncta
583 2882 686 2955 cosmi
700 2882 798 2984 istius
810 2891 1028 2957 contemnere
1055 2885 1128 2956 sive
1151 2881 1299 2954 derelin-

277 3035 383 3105 quere
412 3016 539 3107 quiret,
568 3020 606 3089 et
634 3037 701 3089 non
729 3016 838 3088 solum
850 3017 1057 3108 temporales
1085 3022 1298 3089 terrenarum

276 3168 391 3220 rerum
420 3149 570 3238 divitias,
609 3149 671 3222 sed
705 3156 741 3222 et
767 3150 911 3241 patriam
941 3156 979 3223 et
1007 3156 1168 3240 parentes
1194 3155 1297 3240 atque

278 3281 488 3372 propinquos
528 3281 705 3372 deserere,
756 3283 1111 3374 peregrinationisque
1166 3290 1300 3355 tentare

275 3413 434 3487 tellurem
461 3422 499 3487 et
524 3415 639 3503 ignota
652 3416 861 3488 exteriorum
877 3417 1053 3510 requirere
1082 3436 1173 3504 rura,
1203 3435 1296 3486 cum·

274 3567 360 3636 que,
395 3546 571 3637 aliquanta
598 3553 791 3640 temporum
826 3548 1083 3639 intercapedine
1111 3554 1294 3633 manucla,

272 3680 331 3751 ille
353 3682 437 3773 jam,
466 3687 544 3773 post
570 3678 765 3752 intantinles
792 3681 867 3773 ejus
888 3680 1122 3753 oblectationis
1150 3681 1296 3754 ludicras

272 3820 311 3886 et
344 3812 544 3903 pueritialea
578 3813 827 3885 incentivorum
861 3813 1034 3906 lascivias,
1076 3813 1295 3889 illecebrosas
