3368 4650
333 500 379 569 st

333 701 450 771 reae,
486 698 551 768 per
588 699 673 770 quas
714 678 854 768 angelus
886 677 1023 750 Domini
1062 676 1181 748 eduxit
1213 677 1354 751 Petrum

333 814 377 885 de
405 831 555 902 carcere,
586 831 675 902 quae
702 818 822 903 postea
848 831 916 881 uon
933 815 1013 882 sunt
1037 813 1191 901 apertae.

418 947 477 1014 12.
512 942 690 1015 Exeuntes
722 949 836 1016 autem
858 913 918 1015 'de
952 939 1143 1016 Jerusalem
1177 942 1352 1016 descendi·

331 1099 406 1151 mus
433 1077 468 1148 in
497 1076 651 1147 vallem
678 1074 902 1168 iosaphat,
932 1076 1137 1168 quaeabest
1164 1098 1186 1150 a
1212 1077 1351 1151 civitate

332 1210 506 1299 milliario,
544 1210 672 1282 habeus
704 1210 816 1281 villam
846 1208 1135 1284 Gethsomane
1169 1233 1246 1286 oum
1274 1211 1351 1286 loco

332 1342 521 1414 nativitatis
547 1349 685 1415 sanctae
711 1342 861 1434 Mariae,
896 1345 931 1417 iu
959 1367 1028 1437 quo
1056 1352 1124 1437 est,
1161 1347 1352 1420 inhonore

332 1476 450 1569 ipsius,
485 1477 674 1550 ecelesia
706 1484 885 1551 sanotae
912 1479 1074 1554 Mariae
1102 1467 1265 1573 rotunda,
1294 1480 1352 1554 ubi

331 1616 385 1684 est
412 1611 682 1701 sepulchrum
709 1612 807 1704 iliius,
836 1614 938 1706 quod,
960 1635 1064 1706 supra
1081 1637 1201 1688 senon
1221 1614 1350 1687 habens

330 1751 477 1835 tectum,
512 1746 649 1819 minime
683 1746 833 1838 pluviam
867 1748 1010 1838 patitur.
1069 1747 1106 1818 In
1140 1748 1216 1838 ipso
1245 1747 1349 1818 etiam

329 1878 404 1951 loeo
432 1883 484 1949 est
511 1880 668 1970 ecelesia,
699 1881 733 1951 in
762 1879 1048 1971 quoDominus
1075 1880 1269 1951 traditus
1287 1883 1349 1967 est,

319 2011 461 2083 ,habens
489 2012 535 2085 ibi
563 2018 711 2102 quatuor
738 2033 870 2086 mensas
898 2012 1060 2085 rotundas
1080 2033 1207 2084 coenae
1234 2010 1346 2101 ipsius.

329 2144 370 2215 In
399 2144 486 2215 valle
514 2164 649 2237 quoque
668 2144 837 2236 Josaphat
865 2151 921 2216 est
948 2144 1135 2218 ecclesia
1160 2168 1186 2217 s.
1217 2143 1351 2214 Leon-

327 2276 396 2367 tii,
433 2277 468 2346 in
508 2298 578 2366 qua
614 2276 739 2349 dicitur
775 2275 942 2348 Dominus
983 2282 1150 2348 venturus
1194 2295 1268 2347 esse
1305 2272 1350 2344 ad

323 2407 499 2501 judicium.

414 2543 474 2614 13.
511 2540 595 2614 Inde
629 2541 837 2633 perreximus
876 2542 911 2612 in
952 2547 1134 2613 montem
1169 2538 1346 2628 Oliveti,

330 2677 363 2747 in
392 2677 490 2768 cujus
518 2675 662 2747 declivio
690 2674 882 2746 ostenditur
908 2674 1002 2745 locus
1029 2673 1190 2744 orationis
1203 2671 1348 2748 ¹Domini

329 2809 374 2880 ad
418 2812 565 2898 patrem.
599 2808 659 2878 .In
701 2806 809 2877 latere
852 2812 968 2879 autem
1011 2804 1179 2896 praedicti
1224 2803 1347 2875 montis

329 2941 521 3014 ostenditur
553 2939 662 3028 loeus,
697 2938 732 3009 in
766 2958 834 3029 quo
863 2938 1030 3028 pharisoei
1064 2936 1277 3010 deduxerunt
1304 2933 1347 3006 od

328 3073 507 3145 Dominum
558 3071 734 3144 mulierem
781 3051 816 3140 in
863 3069 1032 3141 adulterio
1087 3068 1345 3158 deprehensam.

329 3205 488 3276 Habetur
512 3204 560 3276 ibi
588 3203 779 3277 eeclesia
806 3202 841 3273 in
869 3200 998 3273 honore
1026 3201 1164 3274 sancti
1191 3197 1346 3272 Johan·

328 3338 410 3424 nis,
454 3336 487 3407 in
529 3358 595 3428 qua
631 3340 792 3408 servatur
826 3334 995 3424 scriptura
1031 3333 1066 3404 iu
1103 3332 1216 3425 lapide
1255 3354 1345 3404 mar·

328 3488 455 3559 moneo,
485 3490 586 3560 qnam
615 3469 780 3541 Dominus
807 3466 942 3557 scripsit
968 3467 1003 3536 in
1032 3470 1138 3540 terra.

414 3603 473 3672 14.
510 3603 549 3673 In
577 3602 751 3675 cacumine
788 3606 902 3673 autem
937 3598 1071 3690 saepius
1099 3599 1183 3670 dicti
1210 3599 1343 3689 montis,

327 3734 483 3806 milliario
510 3756 578 3807 uno
605 3757 626 3806 a
653 3735 741 3807 valle
767 3731 942 3824 Josaphat,
972 3739 1025 3806 est
1056 3734 1178 3804 loeus
1204 3754 1346 3807 ascen-
