3368 4650
400 504 444 570 al

399 685 513 757 statim
541 681 690 767 undique
718 674 761 746 de
788 675 855 746 illis
882 675 1058 763 regionum
1092 671 1279 758 provinciis
1307 676 1343 739 et
1370 671 1422 739 ni-

398 815 467 886 hilo
494 812 605 881 miuus
642 807 685 877 de
718 805 794 876 aliis
828 804 1017 894 longinquis
1057 801 1220 873 limitibus
1261 800 1305 870 ad
1331 799 1421 871 salu-

399 943 581 1017 benimum
617 939 692 1030 ejm
733 936 921 1026 sapientiae
949 935 1074 1023 dogma
1102 931 1272 1005 confluere
1300 951 1421 1022 eoepe-

397 1083 495 1164 mut,
536 1093 623 1164 quos
663 1069 721 1141 ille
763 1065 1011 1159 quodammodo
1040 1087 1171 1157 omues,
1214 1070 1253 1138 ut
1280 1064 1419 1155 gallina,

397 1228 484 1299 quae
518 1204 581 1277 sub
615 1203 677 1275 alis
709 1202 798 1273 solet
833 1199 981 1289 tegendo
1008 1220 1086 1272 suos
1113 1199 1263 1273 enutrire
1297 1199 1419 1289 foetus,

395 1340 445 1409 ita
472 1336 528 1409 ille
555 1341 656 1428 pater
676 1335 902 1425 Willibaldus,
922 1339 960 1406 ut
980 1341 1090 1406 mater
1102 1335 1276 1425 ecclesiae,
1305 1333 1421 1424 plures

397 1492 460 1562 per
474 1491 608 1559 aevum,
638 1489 719 1542 suae
734 1467 873 1560 pietatis
891 1487 1010 1559 parma
1023 1467 1246 1559 protegendo,
1275 1466 1420 1540 Domino

397 1602 596 1678 deferebant
642 1601 821 1694 adoptivus
863 1607 970 1673 natus.
1039 1602 1090 1674 Et
1136 1600 1419 1693 quemadmodum

396 1738 549 1809 alumnus
581 1756 662 1808 suos
693 1735 787 1808 alere
820 1738 907 1809 solet
933 1736 1088 1823 infantes,
1117 1735 1166 1805 ita
1194 1739 1229 1805 et
1254 1733 1312 1804 ille
1331 1754 1415 1804 enu-

394 1869 530 1940 triendo
564 1867 766 1958 divinaeque
802 1871 942 1959 pietatis
973 1868 1062 1939 lacte
1095 1865 1219 1936 leniter
1250 1865 1411 1937 lactando

394 2002 572 2090 pascebat,
618 2020 722 2089 usque
763 1999 843 2072 dum
879 2000 927 2070 illi
962 1997 1088 2069 confoti
1123 2003 1157 2067 et
1191 1995 1233 2069 de
1267 1995 1412 2068 infantia

394 2131 516 2203 eruditi
560 2131 800 2222 eleganterque
842 2130 953 2203 edocti
996 2149 1102 2218 usque
1142 2127 1187 2199 ad
1223 2128 1411 2220 Juvenilem

391 2259 555 2351 pulchrae
582 2261 705 2333 indolis
732 2263 944 2352 pubertatem
970 2265 1220 2351 pervenerunt,
1249 2265 1285 2334 et
1312 2281 1409 2351 nuuc,

392 2392 577 2464 secundum
606 2393 757 2480 magistri
785 2393 1023 2484 praecedentis
1058 2394 1265 2487 exemplum,
1295 2400 1411 2466 sancta

393 2530 566 2597 sectantes
580 2524 778 2614 dogmatum
797 2526 894 2617 dona,
924 2526 1036 2598 multis
1050 2527 1176 2599 micant
1188 2527 1407 2627 adminiculis.
1427 2512 1429 2516 Α

388 2863 451 2931 XL.
488 2864 563 2929 cum
586 2864 763 2931 lunumeria
786 2867 1036 2952 magistratibus
1055 2866 1190 2949 populm
1210 2869 1408 2954 aequiritur-3

676 2971 750 3037 laus
773 2972 837 3039 Dea
860 2977 893 3041 et
916 2973 1115 3040 willibaldo.

468 3181 525 3252 Eu
554 3183 612 3257 ille
631 3185 856 3281 Willibaldus,
886 3192 943 3282 qui
972 3213 1047 3263 cum
1074 3193 1191 3283 paucis
1211 3191 1408 3283 adprimitus

388 3315 574 3386 satellitum
588 3319 743 3391 subsidiis
756 3329 891 3395 sauctae
908 3324 1173 3395 conversationis
1187 3325 1407 3396 inchoaverat

388 3447 610 3538 exercitium,
669 3452 808 3524 tandem
870 3476 945 3528 cum
1005 3457 1188 3529 innumeris
1242 3457 1405 3530 aulatium

385 3579 637 3667 magistratibus
671 3584 920 3660 multiformiter
953 3589 1125 3661 militando
1149 3558 1303 3662 'Domina
1332 3592 1405 3681 dig-

385 3730 464 3787 uum
493 3716 672 3804 acquisivit
705 3719 879 3812 pupulum.
933 3720 982 3792 Et
1014 3721 1084 3800 late
1120 3722 1178 3796 ille
1194 3801 1196 3804 ,
1214 3745 1277 3818 per
1309 3726 1404 3821 bajo·
