3368 4650
1283 582 1348 652 tdd

329 796 445 850 mons
465 773 707 864 Galilaeae,
732 773 765 847 in
786 794 853 866 quo
867 772 991 867 quinto
1009 774 1046 846 et
1063 765 1350 844 nltimoObristus

330 909 506 1001 discipulis
538 909 622 998 suis,
665 908 715 981 uti
744 907 966 1000 promiserat,
993 905 1163 999 apperuit.
1219 901 1350 978 Ibidem

330 1049 383 1115 est
408 1042 518 1133 locns,
555 1041 728 1134 qnondam
754 1043 841 1117 bene
867 1037 1085 1130 aedificatas,
1114 1038 1170 1113 ubi
1197 1034 1351 1132 plenaria

329 1173 394 1246 tuit
421 1173 647 1264 indulgentia,
675 1193 764 1266 quae
790 1195 879 1248 nunc
906 1179 962 1248 est
989 1173 1024 1247 in
1051 1172 1190 1246 civitate
1217 1174 1348 1245 sancta.

329 1304 481 1379 Tandem
518 1326 660 1379 reverso
693 1312 806 1380 meatu
842 1306 982 1380 abhoc
1015 1309 1148 1396 monte,
1182 1306 1254 1380 itur
1286 1323 1351 1396 per

331 1435 498 1509 ducentos
516 1437 623 1509 lxxvii
642 1458 760 1530 passus
781 1438 824 1511 nd
844 1438 1075 1514 ecclesiam
1094 1440 1248 1512 montis
1268 1432 1351 1510 Oli·

330 1568 420 1657 reti,
450 1568 483 1639 in
511 1587 580 1661 qna
607 1574 662 1641 est
688 1570 858 1662 capella
883 1572 1046 1662 rotunda,
1074 1571 1203 1647 babens
1230 1571 1265 1643 in
1288 1570 1351 1644 cir·

329 1701 423 1771 cuitu
452 1698 612 1772 exteriori
645 1702 692 1771 16
720 1721 852 1792 pomum
879 1703 916 1776 in
943 1724 1011 1796 qna
1039 1703 1196 1777 cernitur
1222 1702 1351 1801 (pedis)

328 1831 453 1904 sinntri
469 1830 649 1919 vestigium
670 1830 806 1924 Chr‘nti,
833 1834 925 1926 quod
938 1834 1044 1927 lapidi
1061 1834 1243 1925 impressit,
1272 1854 1350 1907 curn
1380 1826 1388 1839 ’

329 1965 375 2037 ad
399 1961 515 2036 coelos
536 1962 754 2053 ascendebat,
783 1970 819 2038 et
834 1965 941 2040 hebet
958 1966 994 2037 in
1011 1964 1225 2056 longitndine
1246 1985 1350 2038 unum

329 2099 476 2191 palmum
504 2102 542 2166 et
569 2093 655 2169 duos
681 2095 839 2170 articulos
865 2098 970 2171 medii
997 2097 1106 2190 digiti.
1161 2099 1202 2173 ln
1230 2097 1350 2172 eadem

329 2229 459 2325 capella
478 2228 652 2301 sarraceni
673 2227 817 2302 devotus
833 2231 1005 2303 orationes
1022 2231 1163 2324 iaciunt,
1187 2230 1351 2305 babentes

329 2365 455 2438 ibidem
490 2359 650 2452 lapidem.
713 2359 781 2454 Ipsi
813 2362 918 2436 etiam
952 2384 1057 2457 snper
1089 2366 1212 2439 ostium
1245 2364 1352 2458 scrip-

330 2502 448 2572 scrnnt
472 2494 598 2566 litteris
627 2514 743 2567 eornm
768 2495 894 2569 rubris:
927 2495 1008 2587 Ego
1035 2518 1110 2571 snm
1138 2497 1263 2571 ostium
1289 2496 1351 2569 mi·

329 2627 546 2705 sericordiae.
605 2625 659 2698 Ab
687 2625 806 2700 eadem
835 2628 969 2722 capella
993 2649 1058 2722 per
1083 2651 1187 2704 unum
1215 2649 1349 2721 pomum

323 2765 428 2858 juxta
455 2760 581 2834 ostium
608 2759 816 2833 obstructum
838 2781 959 2835 versus
979 2763 1145 2836 orientem
1167 2761 1265 2854 jncet
1290 2760 1352 2834 im·

329 2896 464 2970 mobilis
501 2893 604 2984 lapis,
648 2893 683 2964 in
721 2912 788 2983 quo
826 2892 947 2966 ultimo
982 2891 1184 2966 christus
1223 2892 1353 2968 resedit

328 3030 401 3122 ipso
418 3027 474 3100 die
497 3025 714 3116 ascensionis,
741 3024 1001 3116 praedicans
1027 3025 1257 3119 discipulis
1282 3026 1352 3100 suis

328 3168 363 3234 et
390 3161 517 3234 docens
545 3159 588 3231 de
614 3156 868 3250 septiformibus
893 3160 1033 3253 spiritus
1059 3160 1180 3233 sancti.
1215 3157 1352 3232 ltemin

328 3294 436 3367 lutere
463 3293 604 3366 amtrab
626 3294 727 3386 hujus
747 3292 910 3366 ecclesiae
932 3293 978 3366 ab
1006 3298 1107 3367 extra
1133 3290 1353 3366 descenditur

328 3426 487 3521 perxviii
504 3425 631 3516 gradus
648 3427 681 3498 in
708 3426 932 3522 capellam,
962 3427 1018 3500 nbi
1045 3427 1148 3500 beata
1174 3423 1353 3515 Pelagio

328 3559 409 3633 iecit
419 3560 678 3652 poenitentium,
694 3565 732 3633 et
744 3560 791 3632 ibi
803 3560 971 3633 tumulata
984 3560 1179 3653 requiescit,
1193 3576 1351 3650 magnum

328 3691 457 3766 babens
483 3692 632 3785 lapidem
659 3712 761 3785 super
787 3693 958 3767 elevatum
986 3692 1206 3788 sepulchrum
1232 3691 1318 3785 ejus.

408 3824 493 3900 Item
528 3847 549 3898 a
584 3824 704 3900 Monte
735 3822 861 3902 Oliveti
902 3848 1024 3904 versus
1061 3824 1251 3903 Jordanem
1289 3844 1351 3899 seu
