3368 4650
320 485 400 557 ’124

331 688 437 761 opere
473 667 621 739 exterius
657 665 861 739 adornatum
901 687 1009 757 nsque
1046 665 1091 737 ad
1126 667 1348 742 medietatam

175 808 179 814 '
330 802 420 894 ejna3
447 818 525 870 nam
551 799 687 891 reliqua
711 819 792 890 pam
818 803 873 872 cat
895 798 939 870 de
956 798 1155 872 marmoreis
1166 799 1348 890 lapidibus.

329 931 424 1007 Idem
463 931 578 1023 paries
616 928 759 1003 inferior
791 934 845 1002 est
881 929 1074 1023 continuos,
1108 937 1351 1027 praeterquam

332 1064 423 1160 qnod
450 1069 601 1159 quatuor
626 1063 725 1136 ostiis
739 1062 1007 1156 interrumpitur,
1034 1064 1165 1142 habens
1181 1065 1225 1139 ad
1239 1067 1352 1141 orien-

330 1206 399 1275 tem
426 1196 550 1274 ostium
586 1217 704 1289 unum,
748 1197 804 1270 oui
841 1195 1002 1291 adjuncta
1040 1204 1094 1273 ast
1120 1201 1287 1296 capella
1312 1203 1348 1275 in

330 1334 461 1406 honore
488 1330 627 1404 sancti
665 1330 817 1406 Jacobi
855 1338 1069 1424 consecrata3
1110 1356 1189 1407 nam
1225 1335 1269 1410 ab
1308 1357 1371 1411 ea.

330 1471 442 1560 parte,
470 1464 635 1540 detecto
669 1465 789 1557 templi
823 1467 896 1559 ipse
927 1440 1196 1561 praecipitatus‚'
1215 1470 1348 1562 pertica

332 1600 467 1675 lullonis
492 1599 558 1673 init
584 1600 732 1674 occisus:
764 1598 822 1694 qui
848 1600 977 1692 primus
1004 1602 1160 1693 pontifex
1196 1580 1262 1677 init
1286 1600 1348 1676 mb

331 1734 552 1826 novaelegis
579 1733 692 1826 gratia
717 1732 969 1832 inleruaalem.
1006 1734 1106 1809 Unde
1133 1735 1349 1809 ethiversna

330 1874 408 1941 sunt
434 1868 583 1959 appositi
610 1868 646 1940 in
674 1867 793 1941 cadem
821 1868 961 1961 capella,
990 1868 1025 1939 in
1051 1870 1162 1942 latere
1189 1865 1348 1959 parietis:

384 2026 568 2100 Jacobns
594 2027 793 2122 alphaei,
819 2029 989 2101 Domini
1022 2028 1179 2102 similis
1208 2025 1348 2119 faciei,

383 2160 485 2233 finit
498 2181 575 2252 pro
589 2158 775 2252 Christo,
794 2159 955 2253 templo
970 2162 1167 2256 depulsus
1184 2160 1234 2234 ab
1254 2160 1347 2232 isto.

383 2292 453 2365 Sic
480 2292 685 2367 Jacobnm
709 2295 883 2386 justum,
911 2294 1234 2385 praedicantem
1252 2290 1350 2383 pub·

437 2426 519 2499 lice
548 2424 785 2517 Christum,

383 2585 504 2675 plebs
541 2585 649 2659 mala
687 2585 928 2676 mulctavit,
963 2583 1143 2659 lullonis
1174 2582 1349 2674 pertica

435 2718 604 2791 stravit.

408 2877 456 2950 Hi
487 2880 523 2949 in
555 2877 700 2951 circuitu
734 2878 830 2971 quasi
859 2877 977 2950 ciborii
1006 2875 1169 2978 ⁴ejusdem
1192 2872 1347 2965 capellae

328 3013 417 3086 intus
445 3016 480 3084 et
506 3030 613 3101 supra
641 3010 877 3084 continentur:

381 3168 775 3263 lacobusAlphaai
797 3164 1349 3258 iraterDomininazaraei‚

380 3305 577 3396 piscator
604 3302 705 3394 vita,
734 3323 833 3376 vera
861 3302 944 3374 init
969 3299 1184 3375 israelita

380 3433 1349 3530 Detemplipinnacompulsusiraudemaligna,

382 3567 433 3641 ad
460 3566 675 3642 Christum
696 3569 840 3642 laetus
867 3568 1082 3666 migravit,
1111 3570 1234 3642 vecta
1260 3587 1351 3661 per·

437 3709 580 3778 emtus.
