3368 4650
1288 494 1362 618 *89

341 736 450 811 dimus
477 738 510 813 ei
537 737 669 811 limenas
696 734 740 809 de
768 740 870 828 pane
896 736 1060 828 praedicti
1095 738 1226 812 suldani
1254 740 1291 810 et
1319 734 1363 808 de

342 881 440 968 parte
467 873 631 968 principis
658 870 896 964 Alexandriae,
927 873 1020 966 quod
1047 873 1130 947 nihil
1157 871 1255 946 nobis
1281 892 1363 962 pru

341 1010 438 1101 iecit,
473 1008 534 1082 ned
566 1008 610 1082 nb
631 1008 688 1080 illo
716 1006 807 1081 missi
834 1029 949 1082 sumus
974 1010 1011 1080 in
1038 1027 1225 1096 carcerem,
1254 1005 1364 1078 donec

341 1150 418 1237 post
444 1143 517 1217 dies
543 1163 603 1216 sex
629 1142 715 1215 inito
744 1142 897 1234 consilio,
927 1164 1002 1215 cnm
1030 1141 1097 1213 Dei
1125 1139 1259 1230 auxilio,
1289 1142 1361 1210 tre-

340 1275 449 1350 decim
478 1275 636 1349 nennius
663 1277 893 1369 unusquisque
921 1274 1018 1348 dedit
1044 1295 1108 1367 pru
1135 1296 1185 1365 se,
1214 1273 1304 1345 sicut
1328 1276 1364 1344 et

338 1411 502 1502 superius.
561 1409 627 1500 Qui
664 1430 801 1502 quoque
838 1408 920 1481 fecit
957 1408 1057 1481 nobis
1083 1406 1231 1495 litterae,
1277 1424 1361 1496 quas
1479 1420 1485 1429 ·

337 1544 533 1632 quicunque
568 1538 728 1610 viderunt
762 1541 796 1610 in
836 1560 1043 1630 quacunque
1071 1539 1211 1608 civitate
1239 1542 1298 1607 aut
1325 1536 1359 1605 in

337 1691 539 1763 quocunque
568 1671 655 1755 loco,
684 1667 767 1738 nihil
795 1668 956 1760 deinceps
977 1691 999 1739 n
1017 1668 1114 1738 nobis
1136 1668 1274 1753 exigere
1288 1665 1360 1735 nusi

337 1809 427 1873 sunt.
491 1800 579 1871 Erat
615 1798 703 1867 enim
736 1798 906 1868 secundus
946 1799 1089 1888 imperio
1123 1795 1359 1867 amarmomini

337 1931 512 2021 praedicti.
570 1927 753 2016 Postquam
781 1949 864 1998 vero
892 1929 1032 2001 inferius
1059 1931 1250 2001 nominatus
1278 1929 1361 2000 civi·

338 2069 426 2132 tutes
464 2059 608 2146 ingressi
641 2080 774 2147 sumus,
815 2080 881 2130 nnn
917 2061 1012 2151 prius
1052 2062 1206 2153 perminii
1244 2082 1361 2134 sumus

338 2193 432 2263 exire
465 2208 568 2279 quam
603 2199 735 2261 cartam
770 2198 831 2262 aut
858 2192 959 2281 sigilli
988 2193 1243 2282 impremionem
1270 2195 1361 2266 ucci-

339 2343 515 2414 pemmnn,
552 2321 645 2412 quod
682 2344 749 2393 uuo
778 2324 832 2395 vel
861 2325 994 2399 duobus
1022 2327 1171 2400 denariis
1197 2328 1360 2419 impetun·

338 2456 464 2527 burnus.
504 2453 572 2526 Est
601 2455 715 2546 itaque
744 2455 777 2526 in
806 2457 870 2528 hac
904 2459 1044 2530 civitate
1077 2461 1274 2552 patriarche
1300 2462 1360 2533 do·

336 2589 444 2661 minue
473 2586 639 2674 Michael‚
676 2593 712 2658 et
738 2609 843 2677 super
877 2597 986 2661 totum
1023 2593 1218 2684 Aegyptum
1245 2593 1359 2684 dispu-

334 2742 416 2792 nens
444 2722 558 2810 grutin
586 2720 650 2793 Dei
687 2720 840 2791 ordinem
875 2723 1024 2793 omnium
1059 2724 1294 2817 episcoporum
1322 2734 1359 2798 et

332 2854 573 2925 munnchomm
602 2860 638 2925 et
666 2853 940 2924 christianorum.
979 2856 1041 2927 Isti
1053 2863 1167 2929 nutem
1182 2856 1356 2930 christiani

333 2987 435 3059 talem
463 2987 592 3059 hubent
620 2987 732 3076 legem
761 2985 849 3077 apud
876 3007 1038 3078 paganos,
1069 2997 1108 3061 ui
1134 3010 1198 3079 pro
1225 3013 1262 3064 se
1290 2992 1356 3063 sin·

328 3119 431 3208 gulae
458 3140 625 3211 personne
653 3140 736 3191 sune
765 3141 973 3211 unoquoque
1006 3143 1097 3194 nuno
1131 3124 1268 3196 solvunt
1295 3125 1355 3196 tri·

329 3252 445 3325 butum
472 3253 616 3345 principi
644 3253 833 3344 praedicto,
864 3260 904 3324 ut
917 3256 1035 3339 piuant
1047 3277 1166 3329 secure
1187 3266 1222 3329 et
1234 3258 1352 3332 libere.

331 3384 427 3457 Istud
462 3393 575 3459 nutem
608 3387 770 3459 tributum
797 3395 857 3458 aut
886 3388 938 3459 111
967 3396 1026 3460 nui
1055 3391 1089 3461 11
1117 3398 1178 3462 aut
1206 3392 1221 3461 l
1250 3391 1355 3478 eripit

328 3540 485 3610 numum,
516 3521 617 3594 reia
653 3521 766 3592 viliori
800 3542 948 3610 persona
974 3521 1064 3595 x111
1093 3521 1259 3595 denarios.
1317 3522 1353 3595 Si

326 3659 439 3724 nutem
467 3653 544 3725 iniis
572 3661 633 3742 est,
661 3663 796 3726 utnon
830 3654 940 3746 possit
971 3654 1035 3727 hos
1067 3654 1157 3727 xm
1190 3655 1351 3728 denarios

325 3785 477 3875 reluere,
511 3788 585 3860 nire
619 3786 664 3858 sit
692 3788 820 3877 incola,
859 3788 932 3860 rire
966 3787 1102 3861 ndrenu
1135 3788 1344 3880 mmmmm
