3368 4650
1286 598 1352 664 2⁸⁸

332 784 517 877 virginis
544 783 723 879 Murice,
753 784 884 860 hubenc
901 782 969 858 duo
997 779 1292 857 atenmbmhiu
1317 783 1354 854 et

331 920 575 995 umnrdcnlos
601 922 703 994 medii
724 919 837 1013 digiti,
854 926 933 994 octo
950 918 1127 1012 lumpudes
1153 916 1287 992 ussidne
1302 914 1354 990 ln·

331 1061 460 1128 centes.
489 1053 639 1128 Primum
650 1055 790 1151 (nitore)
804 1055 949 1129 ulotere
963 1050 1354 1146 sepulchro(sepnlchn)

331 1193 385 1260 est
417 1208 649 1278 armenorum,
685 1187 871 1262 secundnm
903 1189 967 1262 sub
1000 1188 1160 1261 umbroso
1184 1184 1353 1260 testudine

331 1325 384 1392 est
404 1321 654 1410 georgicorum,
682 1321 824 1393 tertium
842 1321 906 1394 sub
930 1321 1083 1396 ienestm
1102 1339 1221 1393 versus
1241 1318 1355 1392 orien-

333 1453 404 1522 tem
433 1457 485 1524 est
511 1471 721 1543 graecorum,
751 1459 914 1546 quartum
935 1474 1054 1529 versus
1081 1451 1275 1546 aquilonem
1301 1455 1355 1524 est

332 1579 475 1654 fratrum
501 1584 685 1676 minorum,
726 1587 882 1677 quintum
903 1588 1005 1679 juxto
1037 1587 1184 1679 primum
1209 1583 1353 1676 gradum

331 1714 535 1786 ascensionis
562 1734 585 1785 u
610 1714 753 1791 sinistris
787 1725 841 1791 est
863 1718 1101 1811 juoobiturnm.
1158 1716 1352 1806 Sciendum,

332 1845 503 1919 ineodem
523 1846 632 1918 utere
651 1851 859 1925 ascensionis
888 1858 941 1925 est
962 1850 1101 1940 (ultore)
1128 1847 1351 1923 indiunorum.

332 1978 464 2052 ibidem
491 1977 625 2069 sepulto
651 1981 836 2073 requiescit
861 1984 983 2077 regino
1012 1979 1231 2070 Miiecendis,
1268 1999 1355 2072 quoe

334 2109 479 2185 eundem
507 2110 681 2185 eudesium
707 2115 858 2188 construi
884 2114 983 2188 iecit:
1010 2114 1150 2206 ucnjus
1173 2113 1283 2205 jenua
1306 2112 1353 2184 14

333 2265 454 2337 possus
486 2263 604 2317 versus
636 2247 805 2320 orientem
837 2247 883 2319 ud
916 2247 1092 2320 introitum
1126 2265 1352 2335 curernue,

333 2397 421 2470 quse
456 2381 510 2449 est
543 2376 579 2447 in
607 2378 696 2469 pede
723 2381 849 2452 montis
876 2376 1002 2452 Oliveti
1036 2379 1100 2452 snb
1128 2379 1285 2471 rupibus,
1318 2379 1353 2450 in

331 2532 399 2605 qnu
426 2509 590 2583 Dominus
615 2507 724 2604 Jesus,
753 2513 789 2584 in
816 2514 968 2602 ogoniu
994 2510 1113 2602 fuctus,
1141 2518 1260 2602 guttas
1276 2531 1353 2584 sun·

331 2645 443 2736 guinis
462 2642 607 2735 sudavit,
627 2645 749 2717 trinum
770 2644 898 2718 sociem
917 2645 1119 2716 orationem:
1147 2645 1191 2717 ub
1204 2643 1353 2716 hocloco

330 2777 520 2851 moestitiae
537 2797 654 2850 versus
671 2783 835 2868 anstrum,
865 2776 909 2849 ud
923 2778 1054 2869 jectum
1074 2776 1199 2868 lapidis
1218 2776 1354 2848 fortiter

328 2909 454 3000 evulsi,
490 2911 525 2980 in
559 2909 666 2982 lutere
698 2909 824 2982 montis
857 2908 1025 3001 praedicti
1056 2909 1155 3000 juxtu
1187 2906 1351 2998 grundem

326 3063 447 3136 rupem
487 3041 649 3115 sederunt
679 3048 751 3114 tres
784 3042 957 3133 discipuli,
993 3061 1078 3133 qnos
1110 3041 1243 3114 invenit
1274 3037 1353 3111 dor·

325 3177 479 3247 unientes.
515 3173 629 3266 Prope
644 3174 775 3249 ibidem·
792 3196 859 3266 per
875 3182 951 3248 octo
974 3196 1092 3268 possus
1110 3181 1164 3247 est
1190 3173 1350 3261 hortus,

325 3307 381 3399 qui
410 3305 590 3379 floridus
617 3309 892 3398 cognominetur,
923 3326 1041 3380 remus
1068 3312 1269 3394 torrentem,
1298 3307 1350 3378 cui

324 3437 456 3511 directe
494 3459 598 3511 nureo
634 3446 739 3529 portu
778 3442 983 3533 opponitur:
1023 3441 1057 3511 iu
1090 3461 1159 3531 quo
1193 3438 1350 3512 Christus

324 3571 463 3661 cuptive
493 3571 685 3660 tenebatur,
715 3573 748 3644 in
776 3593 846 3666 quo
874 3581 910 3645 et
936 3572 1060 3645 Petrus
1086 3572 1255 3665 percussit
1280 3591 1350 3643 ser·

327 3721 405 3802 unm
444 3703 623 3796 principis;
668 3727 745 3777 num
786 3705 988 3798 frequenter
1028 3712 1239 3777 convenerat
1270 3704 1349 3777 illuc

325 3854 401 3906 cum
433 3833 616 3928 discipulis.
678 3838 730 3911 Et
762 3838 823 3910 illu
853 3845 955 3930 porto
987 3838 1113 3912 dicitnr
1146 3839 1264 3930 etium,
1304 3835 1347 3911 de
