3368 4650
1286 548 1350 614 118

407 729 565 808 Secundo
603 730 770 805 milliario
800 750 821 801 a
854 728 967 802 Tabor
1001 727 1120 804 Naim
1149 729 1276 818 civitas
1307 726 1351 799 ad

328 867 425 960 cujus
457 876 592 961 portam
626 866 727 940 Jesns
760 865 911 938 restituit
946 867 1036 938 ritae
1071 864 1176 937 filium
1211 863 1347 951 viduae,

328 1021 430 1091 qoem
458 1001 590 1075 incolae
604 1008 742 1074 narrant
759 999 1061 1073 Bartholomaeum
1088 998 1201 1088 luisse,
1231 1005 1351 1090 postea

328 1128 454 1204 lactum
481 1133 685 1223 apostolum.
740 1132 851 1225 Supra
869 1132 968 1205 Naim
995 1154 1091 1205 mons
1118 1133 1277 1219 Endon,
1307 1130 1350 1201 ad

327 1262 422 1353 cajus
457 1264 606 1335 radicem
641 1284 744 1352 supra
778 1271 968 1338 torrentem
1003 1264 1198 1357 Cadumim,
1228 1265 1350 1355 quiet

329 1400 463 1465 torrens
490 1393 626 1466 ciaon.
663 1394 810 1467 Consilio
839 1396 997 1469 chorae
1017 1399 1255 1488 prophetissae
1283 1396 1352 1467 Ba·

327 1525 423 1611 tnon,
453 1523 542 1595 lilius
570 1528 692 1614 Anno,
722 1527 847 1599 devicit
880 1529 1065 1617 idumaeos,
1096 1530 1210 1601 Sisara
1237 1529 1350 1600 occiso

327 1655 489 1745 aJahel,
518 1677 624 1728 uxore
652 1658 748 1728 abor
777 1657 912 1748 Cinaei3
940 1660 1013 1733 Zeb
1040 1667 1154 1731 autem
1183 1665 1217 1730 et
1234 1660 1349 1730 Zeliee

327 1798 364 1862 et
391 1789 567 1877 Salmana,
613 1796 704 1860 trans
738 1787 924 1863 Jordanem
966 1811 1191 1883 persequens,
1233 1791 1349 1880 gladio

327 1924 488 2017 peremit3
531 1922 665 1994 Baruch
705 1942 788 1995 rero
831 1922 863 1991 in
892 1922 1012 1994 Endon
1052 1931 1089 1994 et
1124 1923 1188 1994 sub
1217 1923 1347 2010 Endon,

327 2077 426 2129 caeso
455 2056 620 2128 exercitu.
680 2054 776 2127 Unde
804 2057 838 2126 in
867 2053 1018 2126 Psalmo:
1054 2054 1169 2126 Yobor
1195 2061 1227 2124 et
1255 2054 1350 2126 Iler·

327 2214 407 2262 noo
433 2190 471 2258 in
497 2190 634 2261 nominc
668 2194 725 2259 luo
759 2187 957 2258 exultabunt
985 2194 1049 2260 etc.
1108 2188 1214 2260 Sexto
1248 2190 1349 2260 milli·

327 2325 400 2397 ario
434 2342 456 2394 a
490 2319 682 2410 Nazareth,
725 2322 846 2413 quinto
882 2321 1038 2392 milliario
1072 2342 1093 2392 a
1122 2321 1222 2393 Nalm
1256 2321 1349 2395 Jer-

328 2456 447 2529 ralrel
479 2453 611 2543 ntitas,
641 2475 728 2544 qnae
756 2460 794 2526 et
820 2453 968 2543 Zaraim,
998 2476 1086 2556 qnae
1113 2455 1217 2525 modo
1247 2457 1349 2544 vulgo

328 2591 453 2663 dicitnr
480 2588 595 2660 Minor
624 2586 769 2658 Gallina.
827 2587 882 2657 Ex
911 2609 977 2677 qna
1003 2587 1161 2674 lezabel,
1193 2589 1349 2678 impiissi-

326 2745 382 2795 ma
408 2724 538 2811 regina,
568 2718 641 2809 luit,
671 2719 915 2809 qtracabstulit
931 2720 1062 2791 vincam
1080 2717 1229 2806 Nabalia,
1261 2741 1348 2809 qnae

326 2878 388 2948 pro
415 2854 673 2946 importunitate
700 2873 761 2923 sua
789 2852 832 2922 dc
860 2873 989 2924 summo
1003 2853 1119 2944 palatii
1149 2855 1201 2924 sni
1218 2853 1347 2941 praeci·

326 2991 436 3080 pitata
464 2989 603 3073 interiit,
634 2987 730 3077 rujns
759 2986 867 3057 adhuc
881 2986 1028 3076 pyramis
1049 3006 1159 3076 nuper
1173 2992 1349 3074 superstas

328 3121 518 3193 ridebatur.
561 3118 664 3190 Juxta
690 3117 848 3191 chralrcl
878 3139 1013 3210 campas
1041 3117 1291 3206 lllagecldon,
1315 3117 1347 3186 in

327 3275 393 3345 qno
421 3275 481 3325 rex
510 3249 611 3323 Ozias
638 3273 659 3321 a
686 3272 769 3338 roge
784 3249 956 3323 Samariae
986 3252 1149 3323 subactos
1177 3252 1346 3336 occubuit,

328 3385 460 3475 deinde,
491 3385 677 3456 translatus
706 3387 738 3456 in
770 3384 860 3473 Sion,
890 3385 1040 3477 sepultus
1068 3392 1129 3455 cst.

408 3518 570 3590 lllilliario
598 3538 620 3588 a
646 3516 805 3590 Jezrahcl
834 3527 967 3591 montes
995 3517 1177 3604 Gelboc‚
1213 3518 1246 3588 in
1276 3517 1348 3605 qui·

329 3650 390 3721 bas
416 3650 613 3723 dimicantes
640 3648 719 3723 Saul
748 3659 785 3722 el
812 3654 977 3726 Jonatlras
1012 3652 1147 3723 subacti
1177 3650 1345 3721 obierunt.

331 3781 426 3855 Unde
454 3782 579 3857 David:
614 3784 754 3857 Montes
791 3784 915 3858 Gelboe
941 3811 1003 3860 nec
1036 3812 1103 3878 roa,
1132 3803 1196 3857 nec
1223 3784 1349 3875 ,tuoto

1191 3916 1213 3979 8
