3368 4650
329 528 395 598 268

328 709 471 784 Esther:
494 704 588 794 Quin
605 702 686 792 forts
695 724 833 794 parvus
850 701 956 774 crevit
972 701 1011 772 in
1020 699 1167 789 flumem
1178 720 1355 791 mapulam,

329 841 421 914 etin
445 857 561 930 aquea
586 834 759 930 plurimas
778 831 999 906 redundavit.
1036 831 1090 904 De
1114 831 1247 923 Tripoli
1270 832 1358 906 dna·

329 973 392 1045 bns
414 969 520 1044 leucis
540 975 595 1042 est
621 987 738 1040 mons
765 963 1101 1057 Leopardorum,
1130 963 1299 1040 rotundus
1319 966 1357 1040 in

332 1094 478 1198 aspectu
496 1109 534 1178 et
558 1102 639 1176 satis
655 1101 753 1173 altus.
792 1097 833 1170 In
852 1098 953 1191 hujus
978 1096 1067 1192 pede
1094 1098 1278 1191 aquilonali
1305 1107 1359 1175 est

335 1239 505 1332 spelunca,
535 1237 571 1308 iu
600 1254 668 1326 qua
694 1238 769 1306 erat
791 1239 1054 1325 monumentum,
1082 1234 1211 1308 habens
1230 1232 1266 1307 in
1285 1235 1358 1309 lou·

331 1371 486 1462 gitudine
516 1368 639 1459 viginti
666 1365 790 1459 pedes,
819 1368 911 1460 quod
937 1366 1107 1442 sarraceni
1134 1367 1262 1442 devote
1288 1368 1358 1442 lre-

331 1508 511 1594 quentant,
543 1501 713 1591 dicentes,
743 1500 778 1573 id
806 1520 879 1576 esse
907 1503 1176 1594 sepulchrum
1203 1500 1230 1575 J
1235 1523 1356 1594 osne,

330 1637 425 1729 quod
452 1658 521 1710 uon
548 1634 669 1727 credo,
708 1635 789 1726 quia
815 1642 930 1710 tentus
955 1635 1040 1709 dicit
1073 1657 1150 1711 eum
1183 1636 1357 1728 sepultum

332 1771 366 1844 in
395 1771 503 1844 latere
530 1769 654 1843 montis
680 1766 845 1860 Ephraim
875 1771 937 1842 46.
967 1769 1107 1863 quadro.
1151 1767 1266 1843 Credo
1295 1789 1357 1861 po

330 1906 407 1996 tius,
436 1903 521 1976 illud
544 1925 618 1977 esse
639 1901 852 1996 sepulchrum
880 1903 1023 1995 alicujns
1039 1901 1183 1976 filiorum
1201 1901 1279 1974 Noe
1300 1901 1356 1975 vel

329 2038 471 2111 alterins
498 2037 659 2110 similium
693 2057 826 2126 comm,
863 2035 920 2127 qui
948 2037 1039 2109 circa
1064 2037 1124 2108 illa
1151 2037 1231 2109 loca
1256 2033 1357 2107 hubi-

331 2176 421 2244 tasne
448 2169 651 2260 probantur.
694 2170 747 2243 De
774 2171 937 2261 spelunca
965 2169 1031 2241 ista
1055 2168 1101 2241 ad
1127 2176 1199 2242 tres
1225 2168 1353 2256 leucas,

333 2303 456 2375 iterum
483 2306 606 2374 contra
631 2301 843 2391 aquilonem,
879 2300 1015 2373 videtur
1048 2306 1194 2375 castrum
1222 2299 1356 2373 Aracha

331 2428 564 2532 (trachis),
601 2432 693 2524 quod
719 2433 906 2522 Aracheus,
942 2432 1031 2506 filius
1057 2431 1205 2522 Cansan,
1236 2430 1357 2504 aedifi·

329 2570 421 2642 cavit
448 2574 529 2660 post
557 2567 730 2662 diluvium,
758 2567 844 2638 sicut
871 2565 953 2636 dicit
972 2567 1085 2657 glossa
1102 2586 1209 2656 snper
1226 2562 1353 2638 Genes.

331 2709 368 2773 et
400 2701 610 2791 Paralipom.
639 2711 668 2766 n
723 2698 857 2770 Deinde
895 2719 959 2790 per
990 2700 1164 2789 planitiem
1197 2698 1244 2769 ad
1277 2703 1356 2772 octo

329 2836 442 2908 leucas
468 2834 676 2926 pervenitur
701 2833 737 2903 in
765 2831 1041 2903 Antiaradnm
1074 2830 1129 2902 vel
1156 2837 1238 2904 ante
1265 2832 1354 2904 Ara-

278 2990 283 2996 ·
331 2967 431 3040 dium.
488 2965 537 3038 Et
567 2973 619 3039 est
646 2965 754 3038 insula
781 2986 801 3035 a
827 2972 921 3038 terra
953 2963 1052 3036 firma
1086 2985 1149 3056 per
1182 2962 1354 3037 dimidiam

330 3100 459 3172 leucam
487 3099 626 3171 distans.
665 3098 705 3169 lu
731 3097 920 3170 Antiarado
948 3100 1065 3172 heatus
1091 3096 1217 3170 Petrus
1244 3100 1353 3171 multo

330 3240 482 3323 tempore
529 3231 757 3323 praedicavit,
809 3252 885 3303 cum
924 3230 1141 3305 Antiochiam
1183 3230 1352 3322 tenderet

331 3366 415 3438 sicut
442 3364 477 3435 in
504 3364 683 3437 itinerario
712 3363 897 3439 Clementis
924 3365 1058 3439 dicitnr.
1114 3363 1164 3436 Et
1192 3363 1351 3436 Clemens

331 3497 457 3571 ibidem
490 3499 624 3591 reperit
655 3505 801 3572 matrem
836 3522 943 3573 sunm.
1008 3501 1056 3574 lbi
1091 3501 1196 3573 etiam
1228 3498 1352 3571 beatus

329 3632 451 3705 Petrus
478 3631 624 3723 primam
652 3633 831 3707 ecclesiam
858 3636 893 3708 in
913 3635 1043 3707 honore
1062 3641 1196 3708 sanctae
1215 3628 1351 3702 Mariae

331 3764 480 3837 construi
513 3764 609 3839 fecit.
664 3767 720 3840 De
754 3767 944 3841 Antiarado
981 3768 1024 3841 ad
1056 3787 1117 3840 sex
1149 3767 1268 3838 leucas
1301 3767 1356 3836 est
