3368 4650
391 479 453 546 168

466 660 554 730 Tota
581 657 680 729 vallis
704 656 856 749 pertinet
882 656 927 729 sd
954 655 1206 727 coenobium
1233 655 1272 726 in
1299 676 1404 728 sum·

386 793 538 863 mitute
581 788 734 884 ejmdem
776 788 905 860 vallis
951 806 1054 879 supra
1092 786 1202 858 rivum
1243 788 1406 862 torrentis

386 921 521 995 Cedron
545 921 662 1012 situm,
686 921 785 1013 juxta
808 920 959 1010 hortum,
988 919 1109 1010 inquo
1126 938 1229 1013 saepe
1241 919 1408 994 Dominus

385 1061 501 1129 noster
533 1076 611 1127 cum
639 1053 809 1147 discipulis
842 1055 912 1126 suis
943 1051 1079 1126 solebat
1113 1055 1307 1127 convenire.
1364 1054 1405 1128 In

386 1188 486 1280 hujus
513 1187 670 1261 coenobii
703 1192 823 1278 crypta
849 1186 961 1258 adhuc
995 1183 1096 1258 hodie
1130 1188 1320 1262 ostenditur
1346 1209 1405 1261 se-

384 1320 567 1411 pultura
593 1319 811 1393 beatissimae
839 1303 1019 1410 virginis
1046 1318 1228 1414 Murice,
1256 1314 1315 1395 dc'
1339 1344 1406 1415 qun

385 1451 525 1544 amplius
552 1449 711 1527 dicemus.

388 1733 439 1799 18.
477 1730 652 1816 sepulture
675 1751 700 1800 s.
715 1732 848 1813 nerlu,
867 1732 1001 1818 capello,
1020 1734 1262 1820 epigrammate,
1278 1729 1405 1803 (isthec

474 1853 576 1904 mune.

464 2065 504 2136 In
533 2063 657 2137 eodem
680 2064 736 2138 die
764 2065 1070 2156 transmigrationis
1097 2084 1249 2158 corpus
1275 2064 1405 2138 bestis-

382 2198 487 2270 simsc
510 2196 697 2285 virginis
714 2197 881 2270 Murice
908 2198 1038 2270 cunctis
1052 2196 1229 2270 duodecim
1244 2195 1404 2288 apostolis

380 2326 518 2399 Domini
555 2347 598 2401 cx
630 2349 693 2401 suc
726 2329 943 2420 dispositione
981 2335 1065 2402 tnnc
1097 2330 1336 2422 praesentibus
1368 2328 1403 2399 in

312 2536 315 2541 ,
382 2459 559 2534 ecclesiam
592 2460 694 2534 vullis
726 2461 894 2554 Josaphat
932 2468 986 2535 est
1020 2462 1168 2535 delutum
1209 2468 1246 2535 ct
1277 2458 1402 2533 ibidem

380 2595 422 2666 in
448 2594 589 2666 medio
619 2600 819 2686 cryptae,
848 2596 936 2667 miro
964 2595 1117 2668 tabulatu
1148 2612 1340 2666 marmoreo
1369 2597 1404 2664 et

381 2727 518 2816 egregia
543 2726 686 2816 pictura
704 2727 819 2800 colore
837 2729 933 2800 vario
960 2733 1150 2815 exornatae,
1180 2731 1231 2798 est
1256 2725 1395 2797 honori·

380 2858 706 2963 ficc‚sepultnm‚
754 2861 852 2968 cujus
886 2850 1100 2951 sepultursep
1142 2858 1222 2931 licet
1248 2877 1401 2948 corpore

378 2992 527 3083 absente,
558 2994 700 3082 egregia
726 2999 795 3066 tam
823 2993 857 3065 in
884 2994 1037 3067 tabulatu
1064 3011 1267 3081 marmoreo,
1298 3010 1400 3082 quum

378 3126 412 3195 in
441 3129 584 3214 argento
620 3130 658 3197 et
686 3146 768 3199 suro
802 3127 838 3197 in
865 3126 1006 3198 modum
1032 3123 1150 3196 ciborii
1183 3123 1401 3226 superposita

379 3262 489 3330 cxstnt
507 3260 699 3330 structura:
728 3258 780 3331 cui
799 3259 870 3330 tale
888 3258 1079 3351 appositum
1106 3260 1160 3330 est
1178 3257 1400 3350 epigramma:

429 3440 509 3514 Hic
534 3392 749 3532 Joscphut
774 3443 918 3536 vallis,
953 3443 1051 3516 hinc
1082 3447 1147 3517 est
1179 3444 1228 3517 ud
1256 3443 1402 3518 sidcrc

483 3575 617 3649 callis.

430 3707 475 3780 In
495 3708 674 3781 Domino
701 3707 832 3801 fulta,
851 3707 934 3783 fnit
961 3708 1030 3783 hic
1047 3709 1183 3784 Maria
1209 3707 1397 3805 sepulta.

1112 4396 1319 4574 Λ
