3368 4650
270 610 273 614 Α
380 535 445 617 §ld

370 712 566 800 Helisaeum
593 724 629 791 et
655 717 809 806 Abdum,
840 716 963 789 deinde
984 721 1185 826 'translatus
1219 731 1259 795 ut
1284 702 1430 797 credi-'1

372 864 440 944 tor,
455 853 498 926 de
512 850 760 923 Machaeruntn
771 849 906 940 oppido,
922 828 1014 941 qlod
1034 856 1088 925 est
1107 853 1198 927 inter
1209 854 1395 931 Jordanem
1426 823 1429 827 ‚

373 993 410 1061 et
443 985 631 1059 Sebastem.
687 982 740 1056 De
775 979 916 1057 Sebaste
957 990 1081 1058 contra
1118 991 1272 1060 austrum
1312 976 1398 1064 duas

372 1099 488 1194 leucas
515 1125 570 1192 est
601 1138 698 1190 mons
726 1116 859 1190 Bethel.
926 1118 1011 1192 Inde
1046 1119 1089 1193 ad
1123 1141 1224 1194 unam
1258 1121 1392 1196 leucam

373 1259 426 1326 est
451 1273 548 1325 mons
569 1251 643 1324 Dan
670 1270 773 1340 supra
792 1250 966 1324 civitatem
986 1251 1124 1328 Sichem
1151 1255 1196 1327 ad
1212 1254 1390 1329 sinistram.

373 1384 411 1456 ln
444 1383 498 1456 his
531 1383 660 1454 duobus
693 1383 862 1456 montibus
896 1385 1083 1459 Jeroboam
1116 1388 1229 1479 posuit
1268 1390 1395 1463 vitulos
1437 1413 1441 1420 ·

375 1535 499 1588 aureos
525 1519 562 1587 et
579 1520 773 1606 apostatare
790 1514 874 1589 lecit
895 1518 1014 1593 lsrael.
1049 1518 1145 1592 Inter
1160 1522 1243 1595 istos
1262 1528 1394 1595 montes

373 1645 541 1720 Siehem
570 1647 692 1719 civitas
718 1653 771 1720 est
797 1649 871 1737 sita,
901 1671 989 1742 quae
1009 1653 1109 1724 etiam
1123 1652 1284 1746 Neapolis
1311 1654 1394 1726 dici-

372 1788 438 1871 bus,
467 1771 640 1872 multiplici
666 1779 872 1854 amoenitate
900 1781 1039 1874 fulcita3
1071 1786 1132 1858 sed
1166 1787 1295 1858 munita
1321 1806 1388 1857 non

374 1922 438 2004 est,
468 1934 531 1986 nec
560 1912 683 1984 muniri
709 1918 834 2003 potest.
892 1914 1059 1990 Hostibus
1086 1917 1131 1988 ab
1157 1917 1316 2005 aquilone
1343 1917 1395 1987 in-

374 2048 543 2120 trantibus
582 2067 649 2117 non
688 2044 781 2116 aliud
821 2051 943 2135 restat,
985 2048 1051 2117 nisi
1093 2047 1184 2136 quod
1230 2046 1396 2118 domistici

372 2178 507 2268 fugiant
548 2178 592 2248 ad
631 2182 797 2270 austrum,
839 2177 867 2247 si
902 2177 972 2247 sint
1010 2178 1186 2269 pauciores
1226 2178 1299 2249 illis.
1356 2176 1395 2248 In

374 2311 514 2384 Sichem
540 2308 678 2381 fuerunt
704 2329 780 2380 ossa
806 2305 936 2399 Josepb
965 2310 1130 2382 translata
1164 2310 1206 2381 de
1233 2311 1395 2400 Aegypto

374 2450 409 2515 et
436 2442 582 2535 sepulta.
629 2441 719 2512 Huic
748 2460 856 2531 prope
884 2444 938 2511 est
965 2461 1103 2531 campus
1122 2441 1267 2532 praedii,
1296 2460 1396 2532 quem

374 2575 485 2648 Jacob
514 2574 609 2646 dedit
637 2572 707 2646 filio
735 2593 797 2644 suo
819 2570 960 2661 Josepb.
1018 2572 1095 2643 Non
1123 2574 1223 2665 longe
1251 2592 1272 2642 a
1298 2578 1396 2663 porta

373 2708 520 2779 civitatis
547 2716 599 2779 est
620 2706 693 2778 lons
708 2707 828 2795 Jacob,
858 2726 963 2796 super
990 2726 1091 2795 quem
1119 2706 1283 2776 Dominus
1309 2704 1396 2778 sedit

373 2845 492 2929 petens
519 2859 640 2928 aquam
661 2861 681 2909 a
701 2839 913 2926 samaritana,
944 2844 980 2906 et
1001 2837 1035 2906 iu
1053 2839 1132 2908 loco
1152 2836 1217 2906 fuit
1240 2837 1392 2907 ecclesia.

372 2971 428 3041 Ad
456 2970 610 3041 dextram
632 2970 766 3041 Sicbem
795 2977 847 3041 est
873 2990 971 3041 mons
997 2967 1195 3040 Gerizim.
1253 2966 1302 3037 lbi
1332 2967 1392 3038 ad-

363 3105 438 3177 buc
466 3109 608 3194 apparet
633 3102 809 3192 antiquum
825 3101 941 3172 sanum
963 3099 1069 3189 Jovis,
1101 3104 1137 3170 et
1161 3098 1227 3169 luit
1244 3097 1290 3169 ibi
1307 3100 1388 3170 bos·

370 3235 487 3324 pitale,
517 3233 560 3304 de
577 3255 643 3325 quo
660 3234 785 3322 legitur
803 3232 1260 3306 2.lio1·oMachabaeornm:
1287 3252 1386 3322 quem

372 3369 474 3438 etiam
502 3373 651 3438 montem
678 3365 799 3436 mulier
825 3367 1032 3437 samaritana
1058 3365 1182 3436 dicitur
1206 3363 1386 3453 intimasse,

371 3519 446 3570 cum
475 3498 575 3570 dixit:
603 3498 728 3571 Patres
741 3497 851 3569 nostri
869 3499 909 3569 in
927 3502 1040 3569 monte
1062 3497 1124 3568 boc
1143 3495 1385 3568 adorauerunt.

370 3631 423 3701 De
456 3629 591 3702 Siclrem
630 3654 693 3723 per
725 3652 825 3701 urnam
866 3632 1001 3703 leucam
1041 3635 1093 3702 est
1130 3628 1264 3716 civitas,
1302 3649 1387 3718 quae

367 3761 549 3836 dicebatur
576 3763 705 3852 Lusa,
739 3764 772 3833 in
807 3784 876 3853 qua
908 3761 1084 3835 Abraham
1118 3759 1290 3831 habitavit.
1348 3763 1386 3833 In
