3368 4650
340 496 406 569 Itiss

336 681 425 772 ginis
458 684 512 752 est
546 667 675 768 ultore,
717 680 775 752 ubi
808 680 957 772 peperit.
1013 675 1063 748 Et
1095 698 1164 749 non
1197 677 1299 766 longe
1336 699 1358 750 e

338 810 541 887 Bethlehem
569 815 621 884 est
648 810 852 902 ecclesie,
889 810 947 884 ubi
973 809 1225 901 pastoribus
1251 825 1356 898 unge-

335 945 387 1017 Ius
414 942 584 1035 apparuit.
640 943 691 1015 Et
717 941 763 1015 ibi
790 948 843 1015 est
870 941 1024 1034 ecclesie,
1053 942 1111 1016 ubi
1138 949 1254 1017 sanctu
1279 939 1356 1015 Me·

335 1079 387 1150 rie
419 1077 608 1168 requievit,
646 1074 781 1170 quondo
814 1074 997 1150 DomInum
1030 1078 1191 1170 porterit
1239 1072 1354 1150 utin

336 1212 448 1305 eapite
476 1215 529 1284 est
556 1211 623 1301 viu,
660 1227 747 1302 quae
782 1209 874 1283 ducit
901 1209 946 1283 ed
971 1206 1126 1285 Hebrum
1153 1209 1357 1306 (Abraham)

336 1346 370 1417 in
398 1341 591 1445 Hebron,
619 1348 655 1416 et
681 1341 784 1416 distet
811 1363 833 1414 s
858 1342 1051 1419 Jensulen
1078 1347 1227 1439 qumque
1239 1345 1354 1419 leucis
1407 1330 1411 1336 ’

335 1477 385 1550 Et
411 1476 445 1548 in
474 1475 594 1550 eodem
620 1477 696 1551 loeo
723 1476 906 1567 plasmavit
933 1479 1099 1554 Dominus
1125 1479 1249 1554 Auum.
1302 1461 1355 1550 Et

335 1612 414 1683 inde
453 1629 520 1683 uon
554 1610 653 1699 longe
688 1607 755 1682 fuit
789 1609 910 1685 domus
948 1613 1039 1686 Kuin
1073 1619 1109 1687 et
1142 1613 1243 1687 Abel.
1306 1607 1357 1682 Et

335 1744 414 1817 iude
441 1763 551 1835 prope
577 1749 639 1835 est,
668 1743 727 1817 ubi
754 1743 919 1820 Dominus
946 1747 1108 1838 apperuit
1134 1746 1169 1819 in
1196 1745 1353 1820 trinitate

333 1875 504 1950 Abrahae.
577 1874 707 1951 Contra
764 1878 932 1951 orientem
992 1878 1233 1974 (occidentem)
1299 1880 1351 1949 est

332 2011 441 2099 loeus,
476 2009 535 2082 ubi
568 2017 688 2084 seuete
714 2009 850 2082 Murio
877 2010 1085 2085 salutavit
1112 2008 1353 2098 Elisabeth,

332 2150 369 2216 et
414 2141 473 2214 ibi
514 2145 641 2215 nutus
685 2141 769 2214 fuit
809 2140 1031 2216 Iohannes
1073 2143 1273 2236 Baptista
1316 2144 1354 2212 et

333 2272 527 2366 (habitavit)
547 2272 742 2346 Zaohuu'us.
787 2273 838 2346 Et
864 2274 944 2347 iude
973 2275 1018 2349 ad
1045 2276 1130 2350 dues
1156 2265 1274 2348 leucis
1300 2277 1355 2344 est

332 2404 559 2478 castellum
587 2403 791 2479 Emmaus.

411 2535 524 2613 Extra
549 2543 685 2630 portam
711 2537 931 2634 (Jerusalem)
946 2547 1000 2615 est
1027 2541 1351 2615 ecelesiasenc·

331 2678 400 2744 tae
428 2670 581 2766 crucis,
610 2671 667 2743 ubi
696 2668 856 2766 (lignum)
889 2674 1037 2747 excisum
1063 2673 1139 2745 fuit.
1182 2675 1222 2744 ln
1248 2670 1351 2742 Jeru-

330 2805 435 2876 salem
463 2808 517 2875 est
543 2802 647 2895 locus,
677 2803 733 2875 ubi
760 2810 899 2879 sauctus
912 2805 1039 2881 Petrus
1066 2805 1132 2877 fuit
1145 2799 1178 2875 ii
1195 2822 1345 2876 oercere.
1395 2851 1398 2857 -

333 2935 371 3007 In
399 2933 527 3025 templo
562 2938 615 3008 est
648 2937 724 3009 tons
757 2957 870 3028 equae
903 2940 1015 3029 vium,
1045 2937 1134 3011 uude
1161 2935 1347 3028 prophete:

337 3066 421 3140 Vidi
446 3088 576 3159 uquam
602 3038 838 3158 efflantem,

410 3196 653 3273 hierusalen
673 3198 718 3270 ud
738 3210 921 3276 montem
943 3200 1129 3294 Quureteui
1149 3193 1351 3302 (Querun-

329 3329 450 3426 tuna)
482 3336 563 3403 sunt
597 3332 658 3404 Vll
692 3331 828 3426 leucae,
872 3342 907 3408 et
941 3337 975 3408 in
1008 3333 1097 3425 pede
1139 3337 1264 3407 montis
1297 3340 1349 3408 est

329 3466 472 3538 hortus
504 3463 725 3540 Abraham.
774 3466 822 3540 Et
856 3468 902 3541 ibi
937 3488 1047 3560 prope
1080 3474 1133 3540 est
1158 3465 1349 3556 Iericho,

329 3606 365 3671 ot
390 3597 469 3671 iude
497 3598 541 3671 ml
570 3599 653 3674 dues
679 3600 793 3673 leuues
820 3605 874 3674 est
894 3599 1017 3675 fluvius
1042 3600 1254 3674 Jordunis.
1296 3599 1350 3671 De

327 3730 464 3809 flumine
492 3732 536 3803 ed
564 3737 743 3812 montem
770 3731 890 3813 Sinti
917 3739 996 3814 sunt
1022 3732 1143 3810 XVIII
1170 3733 1319 3811 diuetee.
