3368 4650
1293 581 1359 651 171

337 777 478 846 aumta
517 778 579 847 eat
612 772 663 845 ad
708 773 961 849 aethereum
999 771 1228 845 thalamum
1272 771 1360 855 eto.;

338 914 461 1000 podea
487 909 521 981 in
548 909 707 983 oirouitn:
743 908 843 981 Vidi
877 910 1116 1000 speciosam
1149 905 1264 979 sicut
1296 921 1360 977 oo-

337 1042 515 1117 lumbam
550 1048 637 1132 eto„
674 1063 800 1135 usque:
843 1044 1047 1118 etlilium
1082 1038 1359 1127 convallium,

274 1205 282 1214 ·
336 1176 452 1268 ibique
479 1176 710 1268 subjungitur:
738 1175 950 1251 Viderunt
981 1197 1068 1249 eam
1096 1170 1357 1261 filiaesion.

335 1307 447 1380 Hino
476 1312 598 1380 certe
619 1308 819 1396 gloriosa
838 1311 959 1399 virgo
982 1309 1125 1382 coelos
1151 1306 1358 1382 ascendit.

335 1436 470 1527 Rogo,
512 1438 718 1528 gaudete,
770 1442 868 1530 quia
902 1441 1196 1516 ineffabiliter
1235 1440 1360 1514 subli-

336 1576 447 1641 mata
474 1590 563 1641 cum
591 1568 766 1643 Christo
792 1582 948 1661 regnat
979 1576 1021 1646 in
1048 1578 1286 1661 aeternum;
1322 1573 1358 1645 in

336 1701 517 1772 anteriori:
544 1701 751 1773 Assnmta
777 1711 844 1776 est
869 1704 1010 1778 Maria
1035 1707 1077 1777 in
1106 1703 1283 1792 eoelnm3
1316 1726 1358 1778 ex

336 1831 491 1924 opposito
519 1832 645 1904 latere:
674 1831 885 1906 Exaltata
918 1845 984 1910 est
1010 1841 1155 1909 saneta
1184 1835 1265 1907 Dei
1291 1853 1360 1924 ge·

337 1964 467 2035 nitrix
494 1968 582 2054 eto.;
624 1966 727 2037 etin
756 1967 886 2039 medio:
920 1967 1158 2041 Multitudo
1185 1966 1357 2057 angelo·

335 2117 423 2168 rum
456 2095 720 2171 adstantium
755 2099 1004 2173 incircuitu
1039 2101 1152 2174 cirea
1187 2102 1357 2174 beatam

337 2227 516 2302 Mariam
552 2232 590 2302 in
628 2231 786 2304 throno
813 2232 1088 2323 residentem,
1131 2254 1205 2327 per
1238 2253 1357 2325 quam

336 2362 450 2436 iacta
477 2364 542 2435 via
568 2363 619 2436 ad
647 2365 862 2438 coelestia
888 2386 1022 2455 regna
1049 2366 1300 2440 declaratur.

414 2495 454 2568 ln
485 2496 728 2588 pedemontis
756 2495 886 2571 Oliveti
920 2521 1037 2572 versus
1071 2500 1263 2588 civitatem,
1298 2499 1356 2571 ubi

332 2631 434 2703 modo
463 2629 652 2702 ostenditur
684 2631 863 2722 sepultura
896 2630 1016 2704 beatae
1046 2631 1177 2707 Mariae
1205 2632 1354 2723 virginio,

332 2773 408 2838 erat
436 2763 573 2854 viculus,
603 2763 661 2853 qui
690 2762 872 2836 dicebatur
895 2761 1191 2840 Gethsemane.

332 3047 377 3113 lt.
419 3041 615 3120 Bethlehem,
639 3059 811 3128 praonopo,
835 3043 924 3111 loona
948 3043 1156 3124 nauvitatto,
1191 3044 1356 3127 annuntio

419 3149 545 3228 atellae,
566 3149 742 3234 npulmra
764 3151 991 3230 innodandum,
1016 3148 1214 3233 nonnlohrnm
1236 3167 1263 3216 a.
1285 3150 1355 3218 illo

420 3257 558 3342 ronyml
580 3257 670 3325 loona
693 3258 873 3340 pantorum,
896 3259 1031 3337 Thmoo,
1055 3255 1189 3324 andeolo
1203 3276 1227 3324 a
1244 3256 1354 3325 churl-

420 3365 517 3442 tonla,
540 3363 745 3448 napulohrum
768 3362 880 3430 Bahal.

412 3564 663 3640 Bethlehem
697 3563 819 3637 domus
845 3564 941 3657 panis
964 3564 1219 3655 interpretatur,
1246 3562 1352 3636 lletb·

328 3702 440 3776 lehem
468 3700 584 3773 civitas
608 3698 743 3789 Judae,
780 3720 868 3790 quae
901 3706 937 3773 et
968 3696 1142 3790 Ephrata‚
1179 3718 1242 3771 nec
1277 3697 1352 3769 sine

329 3855 441 3927 cauea,
469 3832 618 3928 quiade
645 3829 733 3906 dore
762 3852 930 3905 nmmeno
956 3832 1125 3926 prooemit
1144 3832 1178 3904 in
1197 3851 1241 3903 ea
1260 3829 1353 3904 irue-
