3368 4650
1257 536 1324 607 185

302 721 371 795 lum
409 722 575 816 Ananias,
616 744 740 799 nomen
781 726 814 799 ei
851 724 978 798 Paulus
1020 724 1205 819 imponens.
1268 718 1324 792 De

302 859 406 932 muris
432 856 593 931 Damasei
626 858 790 934 dominis
817 858 881 933 fuit
900 859 1036 950 Paulus,
1066 861 1324 949 persecutorum

301 995 431 1067 veritus
455 993 596 1068 rabiem.

381 1127 572 1200 Libanus
598 1127 847 1220 interpretatur
874 1127 1083 1217 candidatio,
1119 1125 1164 1201 de
1192 1145 1260 1217 qno
1288 1124 1325 1195 in

301 1259 448 1333 canticis
483 1257 718 1331 Cantioorom:
763 1259 848 1333 Veni
887 1261 932 1334 de
971 1258 1126 1349 Leliano,
1168 1253 1325 1331 colurnio

301 1412 388 1463 meo.
423 1389 493 1486 ,Aa
520 1391 673 1464 radicem
700 1392 823 1465 Libani
852 1395 1009 1466 oriuntur
1035 1392 1261 1483 Pharphar
1289 1394 1326 1463 et

301 1521 463 1610 Abana,
498 1519 593 1593 fluvii
630 1521 808 1596 Damasci:
846 1525 907 1597 sed
948 1533 1081 1598 montes
1120 1524 1242 1597 libani
1289 1526 1326 1594 et

300 1654 456 1746 planities
495 1651 675 1724 Archados
721 1654 890 1728 transiluit
930 1657 1068 1746 Abana,
1116 1677 1241 1746 magno
1286 1675 1325 1727 so

301 1784 386 1856 mari
414 1783 577 1873 copulans
606 1781 728 1855 linihns
754 1786 830 1877 illis,
858 1788 1033 1880 inquibus
1059 1767 1326 1860 heatnsEustass

305 1916 402 1989 chius
433 1915 477 1986 ab
504 1935 614 1987 uxore
649 1936 711 1987 sua
742 1918 895 2007 privatus
929 1928 965 1991 et
991 1939 1013 1991 a
1045 1918 1121 1992 filiis
1148 1919 1326 1992 desolatus

299 2048 455 2134 recaeit3
483 2046 664 2141 Pharphar
684 2071 746 2141 per
757 2050 889 2140 Syriam
911 2051 1022 2125 tendit
1040 2053 1075 2125 in
1092 2050 1323 2137 Antiochiam,

300 2183 484 2273 labensque
517 2202 617 2254 semus
651 2204 765 2256 moros
797 2186 886 2277 ejus,
925 2185 1057 2258 decimo
1089 2184 1244 2258 milliario
1278 2183 1324 2255 ah

301 2310 481 2390 Antiochia
513 2316 681 2407 inportu
717 2316 838 2403 Solim,
882 2323 1008 2407 portu
1040 2319 1151 2391 silicet
1184 2311 1324 2389 saneti

299 2449 525 2537 Simeonis,
556 2449 808 2522 mediterraneo
835 2451 921 2523 mari
948 2472 986 2522 se
1012 2450 1238 2523 commendat
1284 2449 1324 2521 ln

299 2580 526 2656 Antiochia
553 2582 646 2655 sedit
673 2583 793 2656 heatm
821 2583 945 2657 Petrus
973 2584 1161 2675 apostolus,
1191 2589 1323 2675 septem

299 2717 395 2789 annis
434 2715 621 2808 pontificali
663 2716 844 2789 decoratus
881 2717 997 2790 infula
1069 2716 1125 2787 Ad
1170 2714 1323 2787 radicem

300 2848 417 2922 Lihani
444 2847 610 2921 Paneas
638 2849 760 2922 civitas
786 2851 853 2921 sita
879 2857 948 2940 est,
983 2849 1136 2937 Belinas,
1170 2868 1260 2938 quae
1288 2851 1325 2916 et

300 2982 470 3055 Caesarea
506 2980 668 3074 Philippi.
730 2982 787 3053 Ad
822 2983 971 3055 radicem
1004 2982 1128 3054 Libani
1167 2983 1325 3053 oriuntur

298 3117 362 3188 Jor
389 3121 426 3186 et
453 3114 548 3204 Dan,
583 3114 634 3187 illi
663 3116 731 3187 duo
760 3115 890 3205 sontes,
920 3116 964 3188 (le
991 3116 1112 3207 quihus
1138 3115 1200 3187 suh
1227 3133 1324 3185 mon·

299 3250 389 3322 lihns
436 3245 569 3321 Gelhoe
604 3246 765 3320 Jordanis
807 3248 994 3322 coniicitur.
1071 3249 1102 3320 A
1148 3248 1324 3319 montibus

299 3382 432 3455 Gelhoe
465 3400 575 3471 usqne
613 3380 658 3452 ad
689 3380 801 3454 lacum
837 3380 1061 3474 Asphaltiten
1100 3381 1213 3470 vallis,
1259 3401 1324 3472 per

299 3536 399 3606 quam
434 3514 598 3588 lordonis
641 3515 782 3607 labitur,
825 3517 979 3588 Gorius
1018 3515 1209 3608 appellator
1250 3513 1323 3617 sire

299 3647 455 3737 Aulon,
490 3648 584 3738 qood
619 3648 804 3721 hebraeum
839 3655 891 3721 est
920 3649 1133 3720 vocabulum.
1189 3646 1322 3739 Appel-

297 3784 391 3858 latnr
418 3788 454 3854 et
480 3782 579 3856 rallis
605 3782 666 3856 illa
692 3780 832 3874 grando
857 3788 962 3876 atque
990 3781 1201 3876 campestris,
1231 3799 1321 3872 quae
