3368 4650
1289 483 1353 552 185

328 659 612 759 Hieiusolymam
659 663 795 744 Eodem
824 664 891 757 die,
919 665 1134 739 solemnitate
1156 664 1230 757 jam
1260 661 1354 738 diets

326 805 485 893 m,
519 801 626 876 rediit
656 801 701 877 ad
729 800 857 878 Oliveti
885 777 1052 892 montane,
1081 806 1278 875 morsurus
1304 797 1352 872 ini

325 955 433 1030 mque
460 935 506 1011 ad
531 935 651 1012 ierinm
680 939 844 1031 quintam,
872 935 907 1009 in
933 956 1001 1029 qua
1018 934 1173 1009 iacmrns
1192 941 1268 1008 erat
1286 953 1352 1007 una

323 1089 398 1142 erm
427 1067 602 1163 discipulis
628 1072 698 1146 suis
725 1092 868 1148 coenam
892 1069 1103 1161 dominicam,
1132 1069 1264 1161 inqua
1291 1088 1350 1141 ve

323 1202 406 1274 teris
434 1205 629 1276 testamenti
663 1205 845 1279 temuinum
880 1204 1028 1296 novique
1061 1200 1259 1276 testamenti
1286 1200 1349 1274 ini-

325 1333 410 1405 tium
443 1334 569 1425 posuit
632 1334 730 1408 Misit
764 1358 849 1428 ergo
882 1337 916 1409 in
950 1337 1145 1427 omnem,
1179 1333 1349 1429 discipulis

322 1465 390 1537 mis
403 1465 660 1557 inquirentibus,
691 1468 749 1540 ubi
777 1470 862 1544 velit
887 1469 949 1544 sibi
976 1469 1107 1560 paseha
1132 1468 1219 1560 fieri,
1248 1489 1349 1562 quos·

322 1595 399 1668 dam
428 1615 473 1669 ex
499 1597 558 1686 eis,
589 1605 627 1671 ut
654 1600 812 1674 venirent
839 1608 876 1674 et
892 1606 1142 1695 praepararent
1159 1602 1222 1674 sibi
1250 1603 1346 1676 hani-

321 1729 472 1802 tacnlum
501 1730 556 1803 vel
584 1729 696 1802 locum
724 1733 768 1804 ad
786 1735 1019 1828 oomplendum
1046 1733 1243 1827 hujusmodi
1267 1754 1347 1807 coe-

320 1880 384 1934 nae
410 1870 625 1937 momentu
650 1863 821 1956 idoneum,
850 1867 895 1940 de
922 1887 989 1958 quo
1015 1865 1150 1957 plonius
1177 1866 1345 1941 inEvsn·

317 1993 426 2083 geno:
454 1991 512 2067 lie
536 1996 576 2067 ia
604 1997 775 2070 nonanes
808 2004 840 2070 et
866 1999 1046 2072 insenum
1071 1997 1242 2072 inminens
1269 2021 1342 2073 uin-

315 2125 464 2218 pirorum
481 2150 596 2221 equae
612 2129 838 2221 bajulantem,
867 2133 1050 2223 sequimini
1066 2153 1145 2205 eum
1174 2139 1237 2205 ete.
1267 2132 1344 2206 Hoc

318 2261 538 2335 coenaculum
572 2264 607 2335 in
640 2271 782 2337 monte
810 2262 909 2336 Sion
943 2270 995 2338 est
1020 2266 1208 2356 inventum,
1237 2268 1272 2339 iu
1299 2285 1342 2338 eo

317 2395 410 2486 loco,
445 2395 480 2467 in
514 2416 583 2488 quo
618 2395 778 2469 Salomon
815 2397 982 2490 quondam
1010 2399 1187 2489 egregium
1215 2399 1341 2471 dicitur

315 2529 545 2602 construxisse
571 2527 780 2621 aedilicium,
816 2532 860 2603 de
893 2551 960 2623 quo
988 2532 1021 2602 in
1051 2530 1194 2604 Gaudeo
1221 2529 1339 2604 Canti-

313 2681 449 2734 eorum:
476 2660 661 2734 Ferculum
685 2661 768 2750 fecii
795 2663 861 2736 sibi
886 2684 948 2737 reo
964 2660 1129 2736 &emon
1158 2673 1224 2737 ets.
1252 2662 1339 2736 Coe-

313 2795 468 2868 naculnm
507 2795 591 2867 illud
624 2797 659 2868 in
693 2798 860 2890 superiori
892 2804 990 2889 parte
1028 2795 1161 2888 grande
1194 2803 1270 2868 erut
1302 2802 1339 2868 et

313 2929 441 3020 latum,
476 2929 511 3001 in
539 2929 636 3021 eujus
664 2929 845 3005 latitudine
878 2937 1021 3022 propter
1047 2927 1203 3021 mysterii
1231 2930 1336 3000 ratio-

311 3083 388 3135 nem
422 3061 588 3136 Dominus
625 3069 744 3136 noster
777 3086 854 3137 cnm
896 3062 1068 3154 discipulis
1105 3061 1177 3134 suis
1209 3060 1337 3134 dicitm

157 3167 159 3170 ‚
311 3216 483 3287 coenus,
511 3196 634 3270 ubist
660 3198 872 3290 proditorem
904 3217 998 3270 suum
1035 3200 1141 3267 cauto
1175 3193 1336 3267 indicsuit

311 3330 560 3421 descriptione,
595 3331 745 3425 reliquos
778 3330 970 3405 confortans
1009 3330 1052 3403 de
1086 3329 1235 3400 instante
1268 3327 1334 3399 sibi

310 3465 467 3555 prasium
493 3470 530 3538 et
556 3465 640 3538 dnus
668 3467 717 3538 eis
745 3466 809 3540 suli
835 3465 952 3555 speeie
969 3463 1065 3556 panis
1084 3481 1209 3552 corpus
1236 3479 1333 3533 sunm

311 3595 352 3670 ad
394 3596 664 3673 manducandum
705 3607 742 3674 et
782 3600 846 3672 sub
879 3596 990 3688 speeie
1027 3596 1096 3667 vini
1133 3594 1332 3682 sanguinem

310 3752 405 3804 sunm
433 3730 478 3805 ad
506 3731 702 3806 bibendum:
740 3731 1010 3824 Quniescunque
1037 3735 1121 3814 etc,
1151 3725 1276 3799 dicens.
