3368 4650
334 483 401 551 240

333 664 505 753 signatus,
544 659 606 731 ubi
641 655 761 750 jndsoi
796 653 969 730 uiolenter
1005 672 1130 745 repere
1169 653 1356 727 voluerunt

334 810 459 881 eorpus
490 789 664 880 gloriosae
696 786 852 879 virginis,
893 807 970 859 oum
1009 804 1075 877 per
1106 784 1277 878 apostolos
1308 783 1356 858 nd

333 918 564 1015 sepeliendum
581 923 788 1013 portaretur.
825 916 858 987 A
878 915 1054 1009 praedicta
1077 922 1182 1007 'porta
1209 920 1259 991 76
1277 935 1355 1010 pus·

333 1076 391 1128 sus
429 1053 576 1146 platea
615 1043 856 1143 synagogae
891 1049 1146 1145 judaeorum
1179 1049 1285 1124 habet
1319 1051 1357 1124 iu

333 1185 544 1277 longitudine
571 1185 735 1258 ducentos
768 1182 907 1274 triginta
931 1191 1063 1277 septem
1095 1204 1214 1278 passus
1247 1204 1356 1278 usquo

334 1319 377 1391 ad
404 1318 582 1390 introitum
609 1315 825 1389 testudinum.
881 1317 938 1392 Ab
971 1316 1039 1389 hoc
1073 1317 1215 1391 introitu
1246 1338 1356 1412 usque

334 1450 376 1524 ad
411 1440 642 1523 castellum
675 1448 812 1523 David
845 1456 924 1524 sunt
958 1451 1052 1525 mciii
1085 1472 1219 1544 passus3
1258 1453 1357 1526 multi

334 1588 450 1657 tamen
483 1604 738 1658 sarraoenomm
776 1583 974 1658 inhabitant.
1045 1584 1085 1656 In
1121 1585 1238 1676 platea
1270 1605 1356 1660 vero

335 1715 414 1790 huic
443 1718 600 1808 proxima
627 1723 678 1792 est
703 1716 860 1810 domus,
896 1740 967 1810 qua
1000 1718 1245 1793 vinculatus
1280 1725 1356 1792 eret

335 1849 457 1924 beatus
497 1849 650 1925 Petrus
661 1877 671 1944 ;
721 1851 794 1924 loeo
838 1853 986 1926 mucoris
1026 1853 1101 1946 ejus
1140 1856 1195 1924 est
1232 1850 1356 1923 lomax

333 1983 480 2074 pistoris.
546 1982 587 2055 In
624 1985 743 2057 eadem
778 1985 894 2075 platea
933 1993 988 2058 est
1027 1985 1198 2074 portula
1234 2003 1355 2056 versus

333 2118 495 2206 anstrum,
524 2136 613 2205 quse
640 2117 757 2206 lingua
776 2137 894 2189 eorum
921 2115 939 2188 l
944 2136 1113 2189 oramen
1141 2136 1242 2188 acus
1269 2113 1353 2186 dici·

331 2252 398 2337 tur,
428 2243 472 2317 do
500 2267 569 2336 qua
595 2247 760 2320 Dominus
785 2247 883 2319 dixit:
910 2246 1070 2320 Facilius
1097 2253 1156 2337 est,
1185 2244 1353 2321 amdam

333 2378 385 2450 ire
407 2399 475 2469 per
499 2377 659 2467 foramen
686 2399 770 2450 aeus
795 2383 861 2452 ets.
895 2378 951 2453 De
979 2379 1053 2451 loon
1074 2381 1192 2471 itaque
1211 2378 1352 2469 rapinae

332 2510 531 2601 praedictae
558 2532 666 2603 usque
699 2510 743 2581 ad
769 2510 881 2583 locum
909 2513 1024 2585 obitus
1051 2513 1126 2605 ejus
1162 2517 1240 2583 sunt
1267 2529 1352 2581 em

332 2665 393 2715 sex
420 2665 539 2736 passus
558 2644 693 2736 pedum,
723 2663 806 2734 quos
823 2648 920 2716 muta
937 2643 1122 2733 diligentis,
1151 2663 1221 2735 qua
1244 2644 1350 2735 potui,

332 2779 519 2849 numeravi.
575 2777 692 2849 Primo
719 2782 830 2847 tamen
865 2775 1005 2847 videtur
1036 2775 1178 2847 domus
1205 2775 1350 2848 Annae

335 2908 580 3001 pontificis,
616 2910 651 2980 in
678 2929 745 2999 qna
776 2914 827 2982 est
854 2909 996 3001 eeclesia
1023 2928 1237 2979 armenorum
1268 2908 1351 2981 satis

331 3047 440 3132 grata,
469 3042 689 3117 luminaribus
716 3049 751 3115 et
769 3042 981 3132 lampadibus
999 3041 1087 3113 beno
1108 3045 1236 3131 ornata,
1265 3060 1350 3130 qna·

330 3179 408 3245 tuor
440 3174 570 3247 habens
603 3176 776 3248 columnas
811 3175 1007 3266 quadratae.
1069 3172 1204 3245 Deinde
1243 3172 1349 3246 altius

329 3325 394 3396 per
420 3305 504 3380 duos
534 3308 650 3398 jactus
680 3307 802 3398 lapidis
833 3313 887 3380 est
920 3307 1065 3380 domus
1092 3303 1280 3396 Oaiphae
1313 3306 1373 3377 in⁴

329 3439 523 3512 summitate
548 3441 685 3533 montis,
712 3449 878 3533 utsupra
904 3441 1033 3514 dictum
1060 3443 1130 3513 est:
1158 3439 1193 3511 in
1212 3459 1279 3531 qua
1295 3444 1347 3510 est

332 3572 515 3665 ecclesiola,
543 3594 630 3664 qnae
658 3575 818 3666 capella
843 3574 1081 3648 salvatoris
1108 3572 1241 3661 dicitur,
1276 3591 1344 3642 non

330 3704 514 3797 immerit0;
532 3727 612 3779 nam
631 3729 735 3801 super
754 3708 863 3783 altare
881 3707 1035 3803 ejusdem
1051 3706 1205 3797 capellae
1217 3703 1347 3795 positus
