3368 4650
391 487 457 554 148

387 661 803 758 pulchrumDomini,
831 660 906 735 fere
933 655 1404 761 rotundamhahetiormam,

386 799 480 870 intus
512 794 644 865 musivo
675 812 782 884 opere
798 781 802 786 ’
816 794 1023 867 decoratam.
1063 789 1169 862 Patet
1201 789 1405 860 oboriente

385 948 450 1019 per
476 926 648 998 introitum
678 925 779 1016 parvi
805 925 935 1015 ostioli,
957 929 1039 996 ante
1067 921 1160 1013 quod
1193 920 1296 994 habet
1323 940 1404 1011 pro·

384 1064 514 1133 tectum
548 1057 621 1131 iere
656 1057 861 1150 quadratum
886 1077 969 1129 cum
1002 1054 1133 1129 duabus
1154 1052 1277 1148 januis,
1331 1053 1403 1127 Per

385 1211 487 1263 onam
529 1190 804 1262 intromittuntur
843 1189 1027 1279 ingressuri
1067 1194 1317 1261 monumentum
1357 1187 1400 1260 ad

382 1320 607 1415 sepulchrum,
635 1342 700 1412 per
726 1321 871 1394 alteram
900 1322 1108 1395 emittuntur
1134 1321 1310 1411 egressuri.
1358 1321 1399 1393 In

381 1474 424 1529 eo
468 1473 601 1545 qnoque
632 1459 791 1545 protecto
826 1454 977 1527 resident
1015 1455 1176 1529 custodes
1214 1453 1395 1547 sepulchri.

380 1585 431 1660 Et
458 1586 597 1660 tertium
624 1587 786 1660 ostiolum
812 1586 1048 1663 habetversns
1076 1589 1227 1662 chorum.
1273 1587 1398 1661 Eidem

379 1726 599 1793 monumento
632 1721 674 1794 ab
709 1719 902 1811 occidente,
938 1721 1102 1795 videlicet
1136 1722 1180 1815 ad
1213 1726 1316 1814 caput
1342 1740 1397 1793 se·

379 1850 522 1943 pulchri,
550 1849 736 1926 forinsecus
764 1853 955 1944 appositum
989 1860 1044 1927 est
1078 1854 1187 1926 altare
1214 1874 1288 1926 cum
1314 1873 1397 1944 qua·

380 1983 458 2055 dam
486 1983 650 2074 quadrata
665 1983 1019 2077 superaedificatione,
1050 1986 1148 2077 cujus
1163 1985 1309 2077 parietes
1326 1991 1396 2057 tres

379 2115 423 2188 de
450 2115 600 2187 reticulis
626 2115 829 2188 ferramenti
856 2115 996 2207 pulchre
1019 2116 1212 2208 compositis
1242 2121 1329 2204 sunt
1357 2117 1395 2186 et

379 2249 522 2319 vocatur
547 2245 630 2318 illud
655 2248 799 2319 altare
825 2249 875 2319 ad
904 2254 1095 2321 sanctum
1115 2248 1392 2340 sepulchrum.

379 2376 475 2450 Idem
507 2385 762 2449 monumentum
797 2380 879 2452 satis
911 2381 1061 2472 amplum
1095 2380 1198 2454 habet
1229 2384 1404 2470 superse

378 2508 474 2600 quasi
509 2508 670 2582 ciborium
703 2510 890 2582 rotundum
923 2517 959 2583 et
985 2512 1140 2604 superius
1173 2512 1217 2585 de
1250 2516 1393 2600 argento

375 2645 583 2733 coopertum,
612 2644 647 2713 in
674 2643 786 2715 altum
814 2644 982 2718 elevatum
999 2665 1118 2719 versus
1130 2643 1281 2716 foramen
1307 2641 1393 2714 illud

373 2773 521 2866 amplum
547 2774 581 2845 in
613 2777 739 2868 majori
767 2775 825 2847 illo
853 2775 1005 2849 aedificio
1039 2752 1193 2868 superius
1223 2773 1391 2864 patulum:

374 2906 466 2997 quod
504 2905 694 2979 aedificium
734 2907 947 2980 circulariter
982 2929 1058 2981 curn
1093 2907 1203 2979 forma
1233 2902 1389 2993 rotunda,

373 3038 467 3110 circa
492 3044 750 3111 monumentum
768 3040 849 3111 satis
865 3040 1023 3130 amplum,
1053 3040 1088 3110 in
1108 3044 1258 3111 extremo
1286 3037 1391 3110 hahet

374 3169 569 3241 continuum
595 3172 764 3262 parietem
798 3171 940 3244 diversis
973 3171 1175 3259 imaginibus
1201 3174 1388 3241 sanctorum

371 3299 468 3391 large
502 3299 674 3390 depictum
708 3309 745 3374 et
781 3308 936 3374 ornatum
970 3303 1192 3393 pluribusque
1225 3299 1387 3393 lampadi-

370 3431 435 3504 bus
461 3430 690 3505 illuminatum.
733 3433 774 3505 In
800 3434 959 3505 strictiori
985 3433 1116 3505 ambitu
1138 3433 1287 3526 ejusdem
1314 3453 1388 3505 ma·

365 3563 453 3655 jonis
479 3561 621 3638 aedificii
655 3572 735 3641 octo
764 3566 936 3638 columnae
970 3587 1183 3640 marmoreae
1218 3565 1386 3638 rotundae

371 3677 408 3766 et
434 3697 577 3769 totidem
603 3699 703 3772 bases
732 3699 938 3790 quadratae,
972 3700 1115 3772 totidem
1148 3699 1269 3770 tabulis
1303 3717 1386 3789 qua-

1064 4424 1256 4594 fx
