3368 4650
496 944 521 1009 Ι.
546 939 828 1017 Quomodovitam
852 941 994 1009 seribere
1018 941 1209 1009 dooomitnr,

347 1232 352 1240 υ
423 1145 574 1216 Primum
602 1141 707 1230 igitur
726 1139 928 1213 venerabilis
954 1142 1144 1234 summique
1162 1143 1226 1217 Dei
1246 1165 1359 1218 sacer-

343 1280 433 1351 dotis
472 1282 575 1368 atque
614 1271 793 1367 pontificis·
820 1273 1044 1366 primordium
1077 1276 1233 1370 vitaeque
1271 1279 1359 1352 illius

342 1409 526 1483 venerandi
554 1409 617 1483 viri
636 1407 823 1480 Willibaldi
849 1408 1099 1502 sublimitatem,
1129 1412 1186 1503 qui
1203 1412 1360 1484 sollerter

339 1545 401 1618 sub
428 1563 544 1617 sacrae
570 1542 656 1633 legis
681 1541 913 1615 moderamine
928 1543 1018 1616 alma
1036 1544 1189 1637 priorum
1208 1546 1359 1636 exempla

340 1683 532 1750 sanctorum
558 1674 741 1765 militando,
770 1676 969 1774 serviendo,
989 1681 1103 1747 mente
1137 1682 1173 1747 et
1208 1677 1359 1749 moribus

340 1807 503 1881 sectando
531 1807 746 1897 inhaerebat,
789 1809 889 1901 hujus
923 1809 1037 1899 itaque
1064 1807 1157 1878 vitae
1187 1807 1358 1879 exordium

341 1945 378 2012 et
408 1941 526 2013 inante
555 1940 748 2033 juventutis
785 1939 1006 2013 medietatem
1043 1936 1088 2010 ad
1122 1937 1212 2011 illius
1252 1960 1357 2030 usque

340 2077 554 2146 senectutem
566 2093 759 2164 processum
789 2079 824 2142 et
851 2071 1017 2142 hacteuus
1028 2089 1133 2160 usqne
1147 2070 1354 2161 decrepitam

340 2208 492 2278 aetatem
518 2206 713 2293 intimando,
742 2205 902 2292 gracilem
931 2201 1082 2294 opusculi
1097 2201 1199 2294 hujus
1226 2203 1357 2293 conjec-

338 2341 449 2409 turam
477 2336 697 2429 glomerando
712 2335 819 2407 ordiri
846 2331 1069 2408 decreveram
1097 2335 1356 2426 ordinandoque

336 2473 462 2541 texere.

519 2701 559 2770 IL
594 2702 708 2771 Infans
730 2701 830 2788 gravi
851 2700 962 2771 morbo
985 2702 1172 2811 corripitur.

419 2897 503 2973 Cum
518 2902 586 2993 ille,
615 2902 649 2973 in
677 2903 865 2991 prooemio,
894 2922 975 2974 suae
992 2901 1156 2975 infantiae
1168 2902 1353 2993 cunabulis,

336 3033 489 3106 amabilis
517 3039 620 3128 atque
656 3034 868 3107 delectabilis
899 3033 1100 3125 blandisque
1134 3035 1354 3108 nutrientium

336 3162 594 3258 adulationibus,
623 3167 890 3259 praesertimque
916 3172 1111 3258 parentum,
1142 3169 1230 3240 circa
1257 3167 1350 3238 illum

336 3317 460 3387 magno
502 3298 691 3373 devotionis
729 3298 855 3371 affectu
899 3299 1085 3392 diurnaque
1125 3299 1353 3373 sollicitudinis
1475 3296 1480 3304 '

333 3430 550 3519 providentia
578 3453 694 3506 curam
721 3432 911 3522 gerentium
952 3432 1108 3506 confotus
1140 3439 1243 3525 atque
1271 3454 1352 3506 enu-

335 3563 445 3656 tritus,
463 3565 507 3637 ad
520 3568 704 3641 trienninm
717 3588 824 3660 usque
842 3568 1010 3660 pervenit,
1039 3567 1220 3640 transactis
1233 3566 1351 3656 itaque

334 3699 415 3769 tunc
441 3699 551 3773 tribua
577 3719 741 3774 annorum
767 3702 952 3792 auriculis,
981 3720 1125 3792 cumque
1143 3721 1268 3793 parvus
1296 3698 1353 3772 ille
