<?xml version="1.0" encoding="UTF-8"?>
<!DOCTYPE html PUBLIC "-//W3C//DTD XHTML 1.0 Transitional//EN"
    "http://www.w3.org/TR/xhtml1/DTD/xhtml1-transitional.dtd">
<html xmlns="http://www.w3.org/1999/xhtml" xml:lang="en" lang="en">
 <head>
  <title>
</title>
<meta http-equiv="Content-Type" content="text/html;charset=utf-8" />
  <meta name='ocr-system' content='tesseract 3.04.00' />
  <meta name='ocr-capabilities' content='ocr_page ocr_carea ocr_par ocr_line ocrx_word'/>
</head>
<body>
  <div class='ocr_page' id='page_1' title='image "./descriptioneste00toblgoog_0141.png"; bbox 0 0 3368 4650; ppageno 0'>
   <div class='ocr_carea' id='block_1_1' title="bbox 326 521 1359 3829">
    <p class='ocr_par' dir='ltr' id='par_1_1' title="bbox 346 521 411 591">
     <span class='ocr_line' id='line_1_1' title="bbox 346 521 411 591; baseline 0.046 -3"><span class='ocrx_word' id='word_1_1' title='bbox 346 521 411 591; x_wconf 77' lang='lat'><strong>180</strong></span> 
     </span>
    </p>

    <p class='ocr_par' dir='ltr' id='par_1_2' title="bbox 333 688 1359 2899">
     <span class='ocr_line' id='line_1_2' title="bbox 342 688 1357 785; baseline -0.015 -9"><span class='ocrx_word' id='word_1_2' title='bbox 342 702 399 776; x_wconf 91' lang='lat' dir='ltr'><strong>ubi</strong></span> <span class='ocrx_word' id='word_1_3' title='bbox 425 703 478 771; x_wconf 91' lang='lat' dir='ltr'><strong>est</strong></span> <span class='ocrx_word' id='word_1_4' title='bbox 502 694 670 769; x_wconf 74' lang='lat' dir='ltr'><strong>stabulum</strong></span> <span class='ocrx_word' id='word_1_5' title='bbox 696 693 850 767; x_wconf 72' lang='lat' dir='ltr'><strong>mnabile</strong></span> <span class='ocrx_word' id='word_1_6' title='bbox 877 689 1078 785; x_wconf 77' lang='lat' dir='ltr'><strong>capacitatis</strong></span> <span class='ocrx_word' id='word_1_7' title='bbox 1103 693 1238 780; x_wconf 73' lang='lat' dir='ltr'><strong>tautae,</strong></span> <span class='ocrx_word' id='word_1_8' title='bbox 1266 688 1357 782; x_wconf 88' lang='lat' dir='ltr'><strong>quod</strong></span> 
     </span>
     <span class='ocr_line' id='line_1_3' title="bbox 341 820 1359 923; baseline -0.011 -18"><span class='ocrx_word' id='word_1_9' title='bbox 341 832 544 923; x_wconf 87' lang='lat' dir='ltr'><strong>plusquam</strong></span> <span class='ocrx_word' id='word_1_10' title='bbox 571 826 639 898; x_wconf 88' lang='lat' dir='ltr'><strong>dno</strong></span> <span class='ocrx_word' id='word_1_11' title='bbox 666 823 772 897; x_wconf 90' lang='lat' dir='ltr'><strong>millia</strong></span> <span class='ocrx_word' id='word_1_12' title='bbox 799 845 964 917; x_wconf 89' lang='lat' dir='ltr'><strong>equorum</strong></span> <span class='ocrx_word' id='word_1_13' title='bbox 990 842 1052 896; x_wconf 90' lang='lat' dir='ltr'><strong>seu</strong></span> <span class='ocrx_word' id='word_1_14' title='bbox 1078 820 1170 895; x_wconf 90' lang='lat' dir='ltr'><strong>mille</strong></span> <span class='ocrx_word' id='word_1_15' title='bbox 1197 825 1236 897; x_wconf 91' lang='lat' dir='ltr'><strong>et</strong></span> <span class='ocrx_word' id='word_1_16' title='bbox 1262 820 1359 914; x_wconf 89' lang='lat' dir='ltr'><strong>quin·</strong></span> 
     </span>
     <span class='ocr_line' id='line_1_4' title="bbox 339 953 1355 1054; baseline -0.011 -19"><span class='ocrx_word' id='word_1_17' title='bbox 339 967 444 1054; x_wconf 78' lang='lat' dir='ltr'><strong>genta</strong></span> <span class='ocrx_word' id='word_1_18' title='bbox 470 958 674 1034; x_wconf 86' lang='lat' dir='ltr'><strong>camelorum</strong></span> <span class='ocrx_word' id='word_1_19' title='bbox 700 957 810 1049; x_wconf 82' lang='lat' dir='ltr'>possit</span> <span class='ocrx_word' id='word_1_20' title='bbox 836 976 973 1049; x_wconf 86' lang='lat' dir='ltr'><strong>capere.</strong></span> <span class='ocrx_word' id='word_1_21' title='bbox 1012 953 1118 1029; x_wconf 81' lang='lat' dir='ltr'><strong>Juxta</strong></span> <span class='ocrx_word' id='word_1_22' title='bbox 1144 953 1234 1030; x_wconf 88' lang='lat' dir='ltr'><strong>idem</strong></span> <span class='ocrx_word' id='word_1_23' title='bbox 1260 953 1355 1048; x_wconf 87' lang='lat' dir='ltr'><strong>pala-</strong></span> 
     </span>
     <span class='ocr_line' id='line_1_5' title="bbox 339 1087 1356 1184; baseline -0.008 -15"><span class='ocrx_word' id='word_1_24' title='bbox 339 1096 424 1169; x_wconf 90' lang='lat' dir='ltr'><strong>tium</strong></span> <span class='ocrx_word' id='word_1_25' title='bbox 465 1091 592 1166; x_wconf 87' lang='lat' dir='ltr'><strong>milites</strong></span> <span class='ocrx_word' id='word_1_26' title='bbox 630 1088 803 1182; x_wconf 87' lang='lat' dir='ltr'><strong>templarii</strong></span> <span class='ocrx_word' id='word_1_27' title='bbox 840 1089 970 1165; x_wconf 89' lang='lat' dir='ltr'><strong>habeut</strong></span> <span class='ocrx_word' id='word_1_28' title='bbox 1008 1087 1155 1183; x_wconf 86' lang='lat' dir='ltr'><strong>plurima</strong></span> <span class='ocrx_word' id='word_1_29' title='bbox 1192 1088 1356 1184; x_wconf 70' lang='lat' dir='ltr'><strong>acuuncta</strong></span> 
     </span>
     <span class='ocr_line' id='line_1_6' title="bbox 340 1223 1355 1317; baseline -0.006 -15"><span class='ocrx_word' id='word_1_30' title='bbox 340 1224 491 1302; x_wconf 86' lang='lat' dir='ltr'><strong>aedificia</strong></span> <span class='ocrx_word' id='word_1_31' title='bbox 516 1244 639 1315; x_wconf 85' lang='lat' dir='ltr'><strong>magna</strong></span> <span class='ocrx_word' id='word_1_32' title='bbox 667 1228 705 1295; x_wconf 86' lang='lat' dir='ltr'><strong>et</strong></span> <span class='ocrx_word' id='word_1_33' title='bbox 731 1223 854 1317; x_wconf 90' lang='lat' dir='ltr'><strong>ampla,</strong></span> <span class='ocrx_word' id='word_1_34' title='bbox 885 1244 963 1297; x_wconf 91' lang='lat' dir='ltr'><strong>cum</strong></span> <span class='ocrx_word' id='word_1_35' title='bbox 989 1224 1219 1298; x_wconf 79' lang='lat' dir='ltr'><strong>exstructione</strong></span> <span class='ocrx_word' id='word_1_36' title='bbox 1246 1243 1355 1298; x_wconf 86' lang='lat' dir='ltr'><strong>novae</strong></span> 
     </span>
     <span class='ocr_line' id='line_1_7' title="bbox 339 1356 1354 1447; baseline -0.002 -14"><span class='ocrx_word' id='word_1_37' title='bbox 339 1365 376 1433; x_wconf 89' lang='lat' dir='ltr'><strong>et</strong></span> <span class='ocrx_word' id='word_1_38' title='bbox 407 1376 550 1447; x_wconf 79' lang='lat' dir='ltr'><strong>magnae</strong></span> <span class='ocrx_word' id='word_1_39' title='bbox 578 1357 740 1432; x_wconf 87' lang='lat' dir='ltr'><strong>ecclesiae</strong></span> <span class='ocrx_word' id='word_1_40' title='bbox 766 1356 915 1431; x_wconf 88' lang='lat' dir='ltr'><strong>nondum</strong></span> <span class='ocrx_word' id='word_1_41' title='bbox 941 1363 1056 1432; x_wconf 85' lang='lat' dir='ltr'><strong>tamen</strong></span> <span class='ocrx_word' id='word_1_42' title='bbox 1095 1361 1354 1433; x_wconf 89' lang='lat' dir='ltr'><strong>consummatae.</strong></span> 
     </span>
     <span class='ocr_line' id='line_1_8' title="bbox 338 1488 1354 1585; baseline -0.004 -18"><span class='ocrx_word' id='word_1_43' title='bbox 338 1491 470 1567; x_wconf 83' lang='lat' dir='ltr'><strong>Eadem</strong></span> <span class='ocrx_word' id='word_1_44' title='bbox 502 1509 647 1581; x_wconf 90' lang='lat' dir='ltr'><strong>namque</strong></span> <span class='ocrx_word' id='word_1_45' title='bbox 680 1488 799 1564; x_wconf 87' lang='lat' dir='ltr'><strong>domus</strong></span> <span class='ocrx_word' id='word_1_46' title='bbox 832 1491 956 1566; x_wconf 89' lang='lat' dir='ltr'><strong>multas</strong></span> <span class='ocrx_word' id='word_1_47' title='bbox 987 1491 1093 1566; x_wconf 88' lang='lat' dir='ltr'><strong>habet</strong></span> <span class='ocrx_word' id='word_1_48' title='bbox 1124 1491 1354 1585; x_wconf 65' lang='lat' dir='ltr'><strong>comestiones</strong></span> 
     </span>
     <span class='ocr_line' id='line_1_9' title="bbox 338 1622 1353 1718; baseline -0.003 -18"><span class='ocrx_word' id='word_1_49' title='bbox 338 1632 375 1701; x_wconf 90' lang='lat' dir='ltr'><strong>et</strong></span> <span class='ocrx_word' id='word_1_50' title='bbox 399 1622 547 1698; x_wconf 85' lang='lat' dir='ltr'><strong>infinitos</strong></span> <span class='ocrx_word' id='word_1_51' title='bbox 573 1623 701 1698; x_wconf 75' lang='lat' dir='ltr'><strong>reditum</strong></span> <span class='ocrx_word' id='word_1_52' title='bbox 726 1628 797 1697; x_wconf 85' lang='lat' dir='ltr'><strong>tam</strong></span> <span class='ocrx_word' id='word_1_53' title='bbox 824 1624 860 1696; x_wconf 92' lang='lat' dir='ltr'><strong>in</strong></span> <span class='ocrx_word' id='word_1_54' title='bbox 885 1625 946 1699; x_wconf 90' lang='lat' dir='ltr'><strong>illa</strong></span> <span class='ocrx_word' id='word_1_55' title='bbox 971 1631 1077 1718; x_wconf 85' lang='lat' dir='ltr'><strong>terra,</strong></span> <span class='ocrx_word' id='word_1_56' title='bbox 1106 1646 1206 1718; x_wconf 88' lang='lat' dir='ltr'><strong>quam</strong></span> <span class='ocrx_word' id='word_1_57' title='bbox 1227 1627 1262 1698; x_wconf 92' lang='lat' dir='ltr'><strong>in</strong></span> <span class='ocrx_word' id='word_1_58' title='bbox 1279 1624 1353 1697; x_wconf 90' lang='lat' dir='ltr'><strong>aliis</strong></span> 
     </span>
     <span class='ocr_line' id='line_1_10' title="bbox 338 1755 1353 1868; baseline 0.001 -37"><span class='ocrx_word' id='word_1_59' title='bbox 338 1757 504 1851; x_wconf 89' lang='lat' dir='ltr'><strong>partibus.</strong></span> <span class='ocrx_word' id='word_1_60' title='bbox 543 1755 804 1868; x_wconf 82' lang='lat' dir='ltr'><strong>Eleemosynam</strong></span> <span class='ocrx_word' id='word_1_61' title='bbox 832 1757 970 1850; x_wconf 89' lang='lat' dir='ltr'><strong>quidem</strong></span> <span class='ocrx_word' id='word_1_62' title='bbox 996 1757 1080 1831; x_wconf 89' lang='lat' dir='ltr'><strong>lacit</strong></span> <span class='ocrx_word' id='word_1_63' title='bbox 1105 1759 1353 1849; x_wconf 81' lang='lat' dir='ltr'><strong>satismagnnm</strong></span> 
     </span>
     <span class='ocr_line' id='line_1_11' title="bbox 337 1887 1351 1983; baseline -0.003 -20"><span class='ocrx_word' id='word_1_64' title='bbox 337 1892 372 1963; x_wconf 94' lang='lat' dir='ltr'><strong>in</strong></span> <span class='ocrx_word' id='word_1_65' title='bbox 400 1887 528 1962; x_wconf 83' lang='lat' dir='ltr'><strong>Christi</strong></span> <span class='ocrx_word' id='word_1_66' title='bbox 555 1910 737 1981; x_wconf 88' lang='lat' dir='ltr'><strong>pauperes,</strong></span> <span class='ocrx_word' id='word_1_67' title='bbox 765 1891 827 1963; x_wconf 88' lang='lat' dir='ltr'><strong>sed</strong></span> <span class='ocrx_word' id='word_1_68' title='bbox 853 1912 921 1964; x_wconf 93' lang='lat' dir='ltr'><strong>nou</strong></span> <span class='ocrx_word' id='word_1_69' title='bbox 947 1893 983 1964; x_wconf 94' lang='lat' dir='ltr'><strong>in</strong></span> <span class='ocrx_word' id='word_1_70' title='bbox 1002 1891 1137 1964; x_wconf 87' lang='lat' dir='ltr'><strong>decima</strong></span> <span class='ocrx_word' id='word_1_71' title='bbox 1161 1897 1261 1982; x_wconf 82' lang='lat' dir='ltr'><strong>parte</strong></span> <span class='ocrx_word' id='word_1_72' title='bbox 1277 1889 1351 1983; x_wconf 89' lang='lat' dir='ltr'><strong>ejus</strong></span> 
     </span>
     <span class='ocr_line' id='line_1_12' title="bbox 337 2020 1353 2114; baseline -0.003 -18"><span class='ocrx_word' id='word_1_73' title='bbox 337 2022 588 2112; x_wconf 89' lang='lat' dir='ltr'><strong>eleemosynae,</strong></span> <span class='ocrx_word' id='word_1_74' title='bbox 624 2042 725 2112; x_wconf 89' lang='lat' dir='ltr'><strong>qnam</strong></span> <span class='ocrx_word' id='word_1_75' title='bbox 751 2023 883 2096; x_wconf 85' lang='lat' dir='ltr'><strong>iaciunt</strong></span> <span class='ocrx_word' id='word_1_76' title='bbox 908 2022 1103 2114; x_wconf 88' lang='lat' dir='ltr'><strong>hospitales.</strong></span> <span class='ocrx_word' id='word_1_77' title='bbox 1137 2020 1270 2098; x_wconf 86' lang='lat' dir='ltr'><strong>Eadem</strong></span> <span class='ocrx_word' id='word_1_78' title='bbox 1296 2022 1353 2094; x_wconf 85' lang='lat' dir='ltr'><strong>do</strong></span> 
     </span>
     <span class='ocr_line' id='line_1_13' title="bbox 336 2152 1351 2246; baseline -0.001 -19"><span class='ocrx_word' id='word_1_79' title='bbox 336 2175 410 2227; x_wconf 91' lang='lat' dir='ltr'><strong>mus</strong></span> <span class='ocrx_word' id='word_1_80' title='bbox 435 2152 540 2224; x_wconf 88' lang='lat' dir='ltr'><strong>habet</strong></span> <span class='ocrx_word' id='word_1_81' title='bbox 567 2154 783 2246; x_wconf 83' lang='lat' dir='ltr'><strong>quamplures</strong></span> <span class='ocrx_word' id='word_1_82' title='bbox 797 2153 926 2227; x_wconf 81' lang='lat' dir='ltr'><strong>milites</strong></span> <span class='ocrx_word' id='word_1_83' title='bbox 951 2173 1016 2246; x_wconf 93' lang='lat' dir='ltr'><strong>pro</strong></span> <span class='ocrx_word' id='word_1_84' title='bbox 1044 2153 1171 2227; x_wconf 86' lang='lat' dir='ltr'><strong>tuenda</strong></span> <span class='ocrx_word' id='word_1_85' title='bbox 1198 2152 1351 2226; x_wconf 83' lang='lat' dir='ltr'><strong>christia-</strong></span> 
     </span>
     <span class='ocr_line' id='line_1_14' title="bbox 335 2253 1349 2376; baseline 0 -21"><span class='ocrx_word' id='word_1_86' title='bbox 335 2302 457 2355; x_wconf 87' lang='lat' dir='ltr'><strong>uorum</strong></span> <span class='ocrx_word' id='word_1_87' title='bbox 488 2289 598 2373; x_wconf 90' lang='lat' dir='ltr'><strong>terra;</strong></span> <span class='ocrx_word' id='word_1_88' title='bbox 632 2285 693 2357; x_wconf 88' lang='lat' dir='ltr'><strong>sed</strong></span> <span class='ocrx_word' id='word_1_89' title='bbox 718 2285 770 2373; x_wconf 91' lang='lat' dir='ltr'><strong>hi,</strong></span> <span class='ocrx_word' id='word_1_90' title='bbox 804 2285 920 2357; x_wconf 88' lang='lat' dir='ltr'><strong>nescio</strong></span> <span class='ocrx_word' id='word_1_91' title='bbox 954 2304 1022 2375; x_wconf 88' lang='lat' dir='ltr'><strong>quo</strong></span> <span class='ocrx_word' id='word_1_92' title='bbox 1049 2253 1250 2376; x_wconf 80' lang='lat' dir='ltr'><strong>infortunio,</strong></span> <span class='ocrx_word' id='word_1_93' title='bbox 1278 2284 1349 2356; x_wconf 83' lang='lat' dir='ltr'><strong>sive</strong></span> 
     </span>
     <span class='ocr_line' id='line_1_15' title="bbox 336 2412 1348 2509; baseline -0.001 -21"><span class='ocrx_word' id='word_1_94' title='bbox 336 2436 378 2488; x_wconf 87' lang='lat' dir='ltr'><strong>ex</strong></span> <span class='ocrx_word' id='word_1_95' title='bbox 406 2412 511 2503; x_wconf 84' lang='lat' dir='ltr'><strong>salso,</strong></span> <span class='ocrx_word' id='word_1_96' title='bbox 548 2416 620 2487; x_wconf 88' lang='lat' dir='ltr'><strong>sive</strong></span> <span class='ocrx_word' id='word_1_97' title='bbox 653 2436 695 2488; x_wconf 85' lang='lat' dir='ltr'><strong>ex</strong></span> <span class='ocrx_word' id='word_1_98' title='bbox 722 2435 821 2506; x_wconf 85' lang='lat' dir='ltr'><strong>vero,</strong></span> <span class='ocrx_word' id='word_1_99' title='bbox 861 2417 976 2509; x_wconf 83' lang='lat' dir='ltr'><strong>quoad</strong></span> <span class='ocrx_word' id='word_1_100' title='bbox 1002 2415 1112 2489; x_wconf 87' lang='lat' dir='ltr'><strong>lamae</strong></span> <span class='ocrx_word' id='word_1_101' title='bbox 1139 2415 1348 2508; x_wconf 85' lang='lat' dir='ltr'><strong>relationem,</strong></span> 
     </span>
     <span class='ocr_line' id='line_1_16' title="bbox 334 2545 1349 2639; baseline 0 -20"><span class='ocrx_word' id='word_1_102' title='bbox 334 2545 462 2638; x_wconf 89' lang='lat' dir='ltr'><strong>aspersi</strong></span> <span class='ocrx_word' id='word_1_103' title='bbox 488 2552 566 2617; x_wconf 85' lang='lat' dir='ltr'><strong>sunt</strong></span> <span class='ocrx_word' id='word_1_104' title='bbox 590 2545 755 2638; x_wconf 83' lang='lat' dir='ltr'><strong>perfidiae</strong></span> <span class='ocrx_word' id='word_1_105' title='bbox 782 2547 878 2619; x_wconf 88' lang='lat' dir='ltr'><strong>dolo:</strong></span> <span class='ocrx_word' id='word_1_106' title='bbox 913 2549 1006 2639; x_wconf 88' lang='lat' dir='ltr'><strong>quod</strong></span> <span class='ocrx_word' id='word_1_107' title='bbox 1033 2555 1148 2620; x_wconf 87' lang='lat' dir='ltr'><strong>tamen</strong></span> <span class='ocrx_word' id='word_1_108' title='bbox 1175 2545 1349 2619; x_wconf 83' lang='lat' dir='ltr'><strong>manifeste</strong></span> 
     </span>
     <span class='ocr_line' id='line_1_17' title="bbox 333 2678 1348 2772; baseline 0.003 -24"><span class='ocrx_word' id='word_1_109' title='bbox 333 2678 513 2769; x_wconf 89' lang='lat' dir='ltr'><strong>probatum</strong></span> <span class='ocrx_word' id='word_1_110' title='bbox 553 2685 606 2751; x_wconf 90' lang='lat' dir='ltr'><strong>est</strong></span> <span class='ocrx_word' id='word_1_111' title='bbox 643 2699 707 2772; x_wconf 88' lang='lat' dir='ltr'><strong>per</strong></span> <span class='ocrx_word' id='word_1_112' title='bbox 739 2679 868 2752; x_wconf 90' lang='lat' dir='ltr'><strong>lactum</strong></span> <span class='ocrx_word' id='word_1_113' title='bbox 902 2681 986 2754; x_wconf 91' lang='lat' dir='ltr'><strong>illud</strong></span> <span class='ocrx_word' id='word_1_114' title='bbox 1023 2678 1114 2772; x_wconf 88' lang='lat' dir='ltr'><strong>apud</strong></span> <span class='ocrx_word' id='word_1_115' title='bbox 1148 2679 1348 2753; x_wconf 87' lang='lat' dir='ltr'><strong>Damascum</strong></span> 
     </span>
     <span class='ocr_line' id='line_1_18' title="bbox 333 2808 713 2899; baseline 0.008 -18"><span class='ocrx_word' id='word_1_116' title='bbox 333 2831 409 2881; x_wconf 90' lang='lat' dir='ltr'><strong>cum</strong></span> <span class='ocrx_word' id='word_1_117' title='bbox 437 2829 519 2899; x_wconf 83' lang='lat' dir='ltr'><strong>rege</strong></span> <span class='ocrx_word' id='word_1_118' title='bbox 546 2808 713 2884; x_wconf 81' lang='lat' dir='ltr'><strong>Ounrado.</strong></span> 
     </span>
    </p>

    <p class='ocr_par' dir='ltr' id='par_1_3' title="bbox 326 2930 1353 3829">
     <span class='ocr_line' id='line_1_19' title="bbox 411 2930 1353 3038; baseline 0.001 -25"><span class='ocrx_word' id='word_1_119' title='bbox 411 2940 518 3014; x_wconf 84' lang='lat' dir='ltr'><strong>Juxta</strong></span> <span class='ocrx_word' id='word_1_120' title='bbox 544 2930 699 3015; x_wconf 85' lang='lat' dir='ltr'><strong>aedificia</strong></span> <span class='ocrx_word' id='word_1_121' title='bbox 726 2941 909 3015; x_wconf 86' lang='lat' dir='ltr'><strong>eorundem</strong></span> <span class='ocrx_word' id='word_1_122' title='bbox 936 2942 1201 3035; x_wconf 87' lang='lat' dir='ltr'><strong>templariorum,</strong></span> <span class='ocrx_word' id='word_1_123' title='bbox 1232 2962 1353 3038; x_wconf 88' lang='lat' dir='ltr'><strong>versus</strong></span> 
     </span>
     <span class='ocr_line' id='line_1_20' title="bbox 331 3073 1345 3167; baseline -0.002 -21"><span class='ocrx_word' id='word_1_124' title='bbox 331 3076 512 3163; x_wconf 87' lang='lat' dir='ltr'><strong>orientem,</strong></span> <span class='ocrx_word' id='word_1_125' title='bbox 547 3095 649 3166; x_wconf 89' lang='lat' dir='ltr'><strong>snper</strong></span> <span class='ocrx_word' id='word_1_126' title='bbox 682 3094 815 3145; x_wconf 91' lang='lat' dir='ltr'><strong>murum</strong></span> <span class='ocrx_word' id='word_1_127' title='bbox 847 3076 997 3148; x_wconf 85' lang='lat' dir='ltr'><strong>civitatis</strong></span> <span class='ocrx_word' id='word_1_128' title='bbox 1023 3074 1086 3146; x_wconf 86' lang='lat' dir='ltr'><strong>luit</strong></span> <span class='ocrx_word' id='word_1_129' title='bbox 1111 3073 1345 3167; x_wconf 90' lang='lat' dir='ltr'><strong>hospitium</strong></span> 
     </span>
     <span class='ocr_line' id='line_1_21' title="bbox 326 3204 1344 3298; baseline 0.002 -21"><span class='ocrx_word' id='word_1_130' title='bbox 326 3207 440 3298; x_wconf 90' lang='lat' dir='ltr'><strong>justi</strong></span> <span class='ocrx_word' id='word_1_131' title='bbox 467 3204 689 3295; x_wconf 89' lang='lat' dir='ltr'><strong>Simeonis,</strong></span> <span class='ocrx_word' id='word_1_132' title='bbox 724 3208 758 3277; x_wconf 91' lang='lat' dir='ltr'><strong>in</strong></span> <span class='ocrx_word' id='word_1_133' title='bbox 793 3226 859 3298; x_wconf 92' lang='lat' dir='ltr'><strong>quo</strong></span> <span class='ocrx_word' id='word_1_134' title='bbox 893 3226 997 3296; x_wconf 87' lang='lat' dir='ltr'><strong>saepe</strong></span> <span class='ocrx_word' id='word_1_135' title='bbox 1032 3208 1169 3279; x_wconf 89' lang='lat' dir='ltr'><strong>beatam</strong></span> <span class='ocrx_word' id='word_1_136' title='bbox 1200 3206 1344 3279; x_wconf 88' lang='lat' dir='ltr'><strong>Mariam</strong></span> 
     </span>
     <span class='ocr_line' id='line_1_22' title="bbox 330 3337 1344 3429; baseline -0.001 -20"><span class='ocrx_word' id='word_1_137' title='bbox 330 3338 503 3427; x_wconf 84' lang='lat' dir='ltr'><strong>virginem,</strong></span> <span class='ocrx_word' id='word_1_138' title='bbox 534 3345 677 3411; x_wconf 90' lang='lat' dir='ltr'><strong>matrem</strong></span> <span class='ocrx_word' id='word_1_139' title='bbox 706 3337 859 3429; x_wconf 86' lang='lat' dir='ltr'><strong>Domini,</strong></span> <span class='ocrx_word' id='word_1_140' title='bbox 894 3338 1133 3429; x_wconf 86' lang='lat' dir='ltr'><strong>hospitalitatis</strong></span> <span class='ocrx_word' id='word_1_141' title='bbox 1161 3345 1196 3412; x_wconf 90' lang='lat' dir='ltr'><strong>et</strong></span> <span class='ocrx_word' id='word_1_142' title='bbox 1222 3338 1344 3411; x_wconf 81' lang='lat' dir='ltr'><strong>famili·</strong></span> 
     </span>
     <span class='ocr_line' id='line_1_23' title="bbox 328 3470 1343 3563; baseline 0.001 -21"><span class='ocrx_word' id='word_1_143' title='bbox 328 3471 460 3542; x_wconf 89' lang='lat' dir='ltr'><strong>aritatis</strong></span> <span class='ocrx_word' id='word_1_144' title='bbox 487 3491 600 3561; x_wconf 89' lang='lat' dir='ltr'><strong>causa,</strong></span> <span class='ocrx_word' id='word_1_145' title='bbox 629 3471 754 3544; x_wconf 86' lang='lat' dir='ltr'><strong>dicitur</strong></span> <span class='ocrx_word' id='word_1_146' title='bbox 780 3472 961 3563; x_wconf 88' lang='lat' dir='ltr'><strong>recepisse,</strong></span> <span class='ocrx_word' id='word_1_147' title='bbox 990 3470 1114 3546; x_wconf 82' lang='lat' dir='ltr'><strong>fovisse</strong></span> <span class='ocrx_word' id='word_1_148' title='bbox 1135 3478 1171 3543; x_wconf 87' lang='lat' dir='ltr'><strong>et</strong></span> <span class='ocrx_word' id='word_1_149' title='bbox 1185 3473 1343 3544; x_wconf 80' lang='lat' dir='ltr'><strong>mmenta</strong></span> 
     </span>
     <span class='ocr_line' id='line_1_24' title="bbox 327 3602 1342 3696; baseline 0.002 -23"><span class='ocrx_word' id='word_1_150' title='bbox 327 3602 532 3693; x_wconf 87' lang='lat' dir='ltr'><strong>praebuisse,</strong></span> <span class='ocrx_word' id='word_1_151' title='bbox 567 3606 654 3677; x_wconf 88' lang='lat' dir='ltr'><strong>sicut</strong></span> <span class='ocrx_word' id='word_1_152' title='bbox 686 3610 723 3677; x_wconf 88' lang='lat' dir='ltr'><strong>et</strong></span> <span class='ocrx_word' id='word_1_153' title='bbox 749 3624 791 3676; x_wconf 91' lang='lat' dir='ltr'><strong>ea</strong></span> <span class='ocrx_word' id='word_1_154' title='bbox 818 3610 916 3678; x_wconf 85' lang='lat' dir='ltr'><strong>nocte</strong></span> <span class='ocrx_word' id='word_1_155' title='bbox 943 3602 1039 3695; x_wconf 86' lang='lat' dir='ltr'><strong>fecit,</strong></span> <span class='ocrx_word' id='word_1_156' title='bbox 1068 3603 1202 3696; x_wconf 87' lang='lat' dir='ltr'><strong>quando</strong></span> <span class='ocrx_word' id='word_1_157' title='bbox 1228 3605 1263 3674; x_wconf 91' lang='lat' dir='ltr'><strong>iu</strong></span> <span class='ocrx_word' id='word_1_158' title='bbox 1289 3623 1342 3675; x_wconf 92' lang='lat' dir='ltr'><strong>se·</strong></span> 
     </span>
     <span class='ocr_line' id='line_1_25' title="bbox 329 3735 1341 3829; baseline 0.001 -25"><span class='ocrx_word' id='word_1_159' title='bbox 329 3736 447 3824; x_wconf 87' lang='lat' dir='ltr'><strong>quenti</strong></span> <span class='ocrx_word' id='word_1_160' title='bbox 474 3735 540 3823; x_wconf 88' lang='lat' dir='ltr'><strong>die,</strong></span> <span class='ocrx_word' id='word_1_161' title='bbox 570 3737 728 3809; x_wconf 82' lang='lat' dir='ltr'><strong>videlicet</strong></span> <span class='ocrx_word' id='word_1_162' title='bbox 755 3737 1015 3829; x_wconf 81' lang='lat' dir='ltr'><strong>quadragesimo</strong></span> <span class='ocrx_word' id='word_1_163' title='bbox 1043 3736 1139 3808; x_wconf 85' lang='lat' dir='ltr'><strong>dica</strong></span> <span class='ocrx_word' id='word_1_164' title='bbox 1165 3735 1341 3807; x_wconf 86' lang='lat' dir='ltr'><strong>nativitate</strong></span> 
     </span>
    </p>
   </div>
   <div class='ocr_carea' id='block_1_2' title="bbox 0 0 1688 4650">
    <p class='ocr_par' dir='ltr' id='par_1_4' title="bbox 0 0 1688 4650">
     <span class='ocr_line' id='line_1_26' title="bbox 0 0 1688 4650; baseline 0 6"><span class='ocrx_word' id='word_1_165' title='bbox 0 0 1688 4650; x_wconf 95' lang='lat' dir='ltr'><strong> </strong></span> 
     </span>
    </p>
   </div>
   <div class='ocr_carea' id='block_1_3' title="bbox 1096 4396 1304 4594">
    <p class='ocr_par' dir='ltr' id='par_1_5' title="bbox 1096 4396 1304 4594">
     <span class='ocr_line' id='line_1_27' title="bbox 1096 4396 1304 4594; baseline 0.005 -1"><span class='ocrx_word' id='word_1_166' title='bbox 1096 4396 1304 4594; x_wconf 41' lang='lat' dir='ltr'><strong>sq</strong></span> 
     </span>
    </p>
   </div>
  </div>
 </body>
</html>
