3368 4650
1291 553 1355 628 157

331 747 496 822 censione
528 745 666 821 Domini
706 749 745 820 et
778 740 1058 836 quiuquagesimo
1100 738 1156 816 die
1189 759 1211 812 a
1243 757 1358 812 resur·

329 882 489 956 rectione
511 879 660 972 Domini,
691 878 853 952 videlicet
879 877 913 951 iu
941 877 997 949 die
1024 880 1258 971 pentecostes,
1289 871 1359 945 dis-

331 1015 455 1108 cipulis
481 1016 516 1088 in
543 1015 693 1106 quodam
726 1013 875 1087 conclavi
902 1011 991 1084 illius
1022 1009 1169 1104 praefati
1209 1005 1357 1082 aedificii

330 1149 366 1220 iu
394 1155 512 1220 moute
539 1145 622 1220 Sion
647 1147 872 1235 manentibus,
901 1145 959 1217 ubi
986 1150 1023 1217 et
1048 1143 1253 1216 Dominus
1279 1162 1358 1213 nos·

329 1286 387 1351 ter
427 1282 552 1352 dicitur
586 1299 808 1369 coenasse,
857 1281 891 1350 in
936 1276 1164 1370 completione
1201 1275 1355 1368 promissi

330 1412 614 1502 exspectantibus,
643 1411 736 1501 quod
763 1411 874 1484 adhuc
901 1410 936 1482 iu
962 1411 1086 1483 codern
1119 1409 1196 1482 loco
1224 1409 1356 1501 pictura

330 1546 490 1614 exstante
530 1541 574 1614 de
613 1543 744 1615 musivo
779 1564 885 1632 opere
917 1543 952 1614 iu
984 1542 1195 1632 sanctuario,
1238 1541 1354 1614 nonde

329 1672 485 1767 ejusdem
513 1673 695 1759 eodesioe,
724 1673 994 1761 demonstratur;
1031 1695 1112 1746 uam
1143 1675 1191 1746 ibi
1225 1673 1355 1746 duode-

329 1807 449 1879 narius
475 1804 706 1895 apostolorum
732 1825 891 1877 numerus
917 1826 992 1877 cum
1019 1807 1171 1897 ipsorum
1198 1805 1354 1894 imagini·

329 1939 404 2028 brm,
432 1937 591 2028 spiritu
618 1942 770 2008 sancto
797 1936 953 2008 informa
968 1938 1148 2025 ignearum
1162 1938 1353 2027 linguarum

328 2071 374 2143 ad
410 2071 522 2162 capita
553 2068 769 2162 singulorum
803 2068 1103 2160 descendente,
1138 2090 1205 2159 per
1236 2069 1352 2141 simili·

328 2204 482 2277 tudinem
509 2202 665 2293 picturae
692 2203 896 2290 continetur,
923 2222 1001 2274 curu
1014 2202 1075 2273 tali
1093 2204 1352 2294 epigrammate:

327 2335 461 2410 Factus
488 2340 538 2407 eat
568 2334 890 2424 rependendo
912 2356 1018 2408 renue
1044 2335 1262 2410 adveniatis
1289 2344 1352 2410 etc

411 2470 452 2541 In
479 2467 598 2540 eadem
627 2466 786 2556 ecclesia,
821 2467 865 2539 ad
892 2467 1046 2542 dextram
1073 2470 1210 2543 scilicet
1238 2471 1272 2542 in
1299 2470 1350 2541 in-

326 2603 434 2674 troitu
469 2601 560 2692 ejus,
596 2600 742 2674 altare
775 2601 972 2690 designatur
1005 2603 1102 2675 iocus
1130 2624 1208 2675 cum
1236 2603 1353 2695 politis

327 2733 451 2808 tabulis
479 2732 523 2806 de
556 2754 725 2806 marmore
760 2733 794 2806 in
827 2733 963 2805 modum
999 2736 1137 2823 ciborii,
1167 2735 1225 2808 ubi
1251 2737 1353 2808 beata

328 2869 427 2959 virgo
453 2866 609 2955 Maria,
639 2867 761 2938 emisso
788 2866 915 2957 spiritu,
943 2868 1116 2957 praesenti
1131 2866 1258 2940 dicitur
1284 2868 1353 2938 mi-

326 3020 475 3090 grasse
503 2999 651 3087 saeculo,
680 2997 738 3071 ubi
766 3005 801 3071 et
828 2995 914 3070 filius
928 3020 1019 3089 suas,
1048 2998 1220 3073 Dominus
1238 3006 1354 3074 nudor

186 3164 187 3167 ¹
325 3131 429 3206 Jesus
444 3131 609 3222 Christus,
638 3131 783 3203 animam
810 3152 903 3204 suarn
922 3132 956 3202 iu
965 3132 1068 3223 juxta
1080 3133 1192 3224 posito
1206 3131 1352 3223 pariete,

326 3265 563 3357 praesentibus
603 3264 785 3356 apostolis,
827 3263 1019 3356 depingitur
1060 3286 1244 3339 assumere.
1311 3264 1350 3336 In

326 3396 482 3470 aedificio
528 3403 643 3470 autem
683 3397 793 3469 eidem
832 3397 906 3468 loco
949 3399 1168 3489 superposito
1210 3399 1245 3470 in
1286 3397 1353 3470 cir·

269 3608 272 3615 ,
327 3531 422 3603 cuitu
450 3530 530 3602 talis
557 3531 729 3623 reperitur
755 3531 1015 3620 superscriptio:
1051 3530 1259 3604 Enattata
1287 3536 1353 3604 est

327 3669 478 3735 sancta
510 3664 587 3736 Dei
625 3662 817 3752 genitrix
864 3684 992 3754 super
1031 3665 1187 3737 choros
1226 3683 1351 3752 ange·

328 3793 477 3867 lorum.
