3368 4650
332 550 374 618 18

330 727 369 795 X.
399 720 584 798 larmdna,
607 718 730 802 caieta,
751 718 913 802 Neapolis,
929 717 1097 801 Rhegium,
1115 717 1250 794 damna,
1265 731 1355 781 mons

675 825 792 904 Aetna,
815 825 1006 908 Syracusae.

414 992 603 1080 Postquam
649 990 706 1061 ille
754 988 890 1059 illuster
938 987 1121 1078 clarusque
1174 984 1355 1058 cruciscola

330 1146 453 1215 magna
480 1122 605 1194 mentis
633 1121 824 1194 intentione
854 1127 890 1192 et
916 1118 1028 1192 cordis
1061 1120 1352 1212 contemplatione

329 1259 374 1331 ad
401 1276 581 1348 supernam
609 1256 762 1328 internae
790 1256 881 1327 ritae
915 1253 1182 1345 speculationem
1208 1253 1351 1346 prouida

330 1389 633 1481 circumspectione
660 1390 876 1482 properabat,
907 1395 952 1479 et,
982 1388 1026 1459 ad
1039 1388 1244 1460 sublimioris
1270 1388 1352 1477 rigi,-

330 1524 435 1597 dioris
463 1523 552 1596 ritae
581 1523 727 1596 virtutes
761 1523 970 1616 anhelando,
1001 1523 1074 1615 jam
1107 1541 1174 1592 non
1203 1522 1348 1611 planam,

322 1659 394 1731 sed
421 1662 552 1730 arctam
580 1659 778 1733 austerioris
805 1658 895 1730 vitae
930 1658 1017 1729 riam
1052 1676 1116 1744 per
1148 1651 1352 1724 monachalis

333 1794 425 1863 vitoe
465 1812 616 1862 normam
650 1791 809 1863 inhiando
851 1787 1069 1863 desiderabat
1109 1792 1144 1856 ot
1186 1786 1351 1876 majorem

327 1924 400 2015 jam
428 1927 509 1994 tunc
535 1924 820 2012 peregrinationis
833 1919 1060 2010 ignorantiam
1076 1916 1172 1989 adire
1200 1917 1349 2006 optabat,

333 2074 432 2145 quam
462 2054 520 2125 illa
547 2053 630 2146 luit,
669 2057 703 2127 in
732 2077 800 2145 qna
827 2057 910 2126 tnnc
937 2060 1028 2125 stare
1056 2048 1252 2121 videbatur:
1280 2056 1349 2121 tum

331 2187 388 2255 ille
421 2191 595 2278 strenuus,
639 2188 780 2259 consilio
819 2186 1005 2257 amicornm
1043 2181 1349 2271 contribuliumque

329 2317 466 2389 licentia
492 2316 654 2405 flagitata,
685 2322 724 2386 ut
742 2338 879 2388 suarum
908 2315 1129 2407 opitulatione
1157 2315 1348 2385 orationum

330 2448 423 2519 illum
452 2448 549 2537 sequi
577 2449 787 2537 dignaretur,
816 2450 979 2540 rogabat,
1009 2453 1066 2537 ut,
1104 2447 1188 2519 totis
1218 2446 1350 2517 itineris

330 2580 494 2670 cursibus,
524 2577 734 2652 delectabilis
761 2585 866 2672 atque
886 2580 1043 2673 optabilis
1071 2580 1224 2652 civitatis
1247 2575 1349 2649 Jeru-

329 2713 435 2784 salem
462 2713 599 2784 moenia
625 2732 810 2802 peragrare
846 2713 1083 2806 specularique
1118 2735 1181 2802 per
1214 2712 1346 2782 illorum

329 2846 386 2935 pia
411 2864 550 2932 precum
576 2846 746 2934 praesidia
774 2847 983 2935 possibiliter
1011 2845 1188 2935 potuisset.

408 2974 556 3064 Jamque
582 2979 762 3048 transactis
789 2978 973 3049 dominicae
995 2977 1163 3066 paschalis
1190 2975 1347 3047 solemni-

329 3107 468 3196 tatibus,
498 3106 596 3196 agilis
625 3109 788 3181 exercitus
817 3110 944 3180 levavit
969 3129 1007 3180 se
1025 3130 1102 3180 cum
1130 3108 1264 3180 duobus
1277 3108 1348 3180 suis

330 3238 430 3309 sociis
455 3246 492 3309 et
521 3260 668 3328 pergere
692 3249 892 3330 cooperunt.
925 3239 1078 3330 Cumque
1109 3244 1345 3331 perrexerunt,

332 3376 498 3440 venerunt
525 3391 632 3459 usque
660 3371 704 3442 ad
731 3374 849 3443 urbem
864 3372 1134 3443 Terracinam
1151 3373 1186 3444 in
1201 3373 1346 3462 oriente,

332 3507 367 3571 et
400 3501 447 3571 ibi
479 3503 659 3574 manebant
692 3503 775 3575 duos
816 3504 898 3581 dies.
958 3503 1007 3575 Et
1041 3504 1121 3577 inde
1154 3511 1345 3597 pergentes,

337 3636 577 3707 veneruntad
605 3638 722 3709 urbem
741 3636 767 3708 C
776 3659 796 3707 a
800 3639 945 3728 jetam,
976 3658 1064 3728 quae
1087 3643 1155 3709 stat
1167 3641 1202 3709 in
1230 3639 1347 3709 littore

263 3806 266 3811 -
330 3767 444 3838 maris.
475 3767 525 3839 Et
552 3769 599 3842 ibi
628 3775 707 3840 tunc
736 3768 956 3842 ascendentes
982 3772 1016 3842 in
1033 3792 1165 3860 navem,
1184 3768 1349 3842 transfre-
