3368 4650
1321 583 1365 651 ot

339 778 476 850 taram
509 781 733 870 perrexeruut
766 773 882 866 ibique
915 773 1058 867 'placidi
1097 770 1207 845 tiam
1247 764 1365 841 andus

339 917 571 1009 neopum
596 911 689 984 veris
716 908 931 983 mmmm
958 909 1220 1003 praestolantur.

422 1052 458 1132 6.
485 1046 616 1121 Navem
636 1045 772 1121 demum
799 1044 1005 1135 ingressiad
1031 1048 1210 1116 montem
1237 1037 1365 1112 Gala·

338 1203 481 1257 norum
494 1179 766 1254 transfretarunt
789 1178 865 1270 Quo
879 1179 1045 1252 bellorum
1059 1182 1266 1266 tempestate
1281 1178 1363 1243 tunc

339 1316 505 1409 temporis
517 1313 678 1407 depilato,
693 1333 830 1386 saevam
843 1313 933 1404 passi
946 1317 1028 1383 sunt
1041 1307 1200 1381 inediam.
1215 1306 1298 1378 Inde
1311 1305 1363 1376 in-

336 1446 631 1537 sulamcyprum
645 1446 735 1518 inter
745 1441 1359 1533 graeonsetsarraticoslsarraceuos)

335 1580 439 1650 eitam
467 1577 703 1670 applicuerunt
730 1582 766 1646 et
792 1573 968 1666 paschale,
998 1570 1089 1664 quod
1105 1573 1179 1661 jam
1200 1571 1357 1657 instabat,

334 1709 462 1795 fatain
495 1706 586 1800 apud
617 1704 803 1797 Paphum
840 1705 959 1774 urbem
993 1706 1147 1791 apenos,
1183 1701 1255 1772 sole
1284 1703 1357 1790 jam

335 1838 595 1925 drcumvolutn,
639 1843 709 1908 tres
751 1834 786 1902 in
827 1853 871 1904 ea
909 1829 1141 1904 hebdomadas
1178 1838 1356 1904 steterunt.

337 1969 420 2041 iude
448 1968 600 2059 ejusdem
620 1965 748 2036 insulae
765 1963 885 2033 urbem
913 1962 1225 2053 Constantiam,
1253 1965 1358 2037 sancti

333 2097 517 2191 Epiphanii
545 2097 709 2189 praesulis
736 2095 905 2167 miraculis
933 2102 969 2167 et
996 2115 1141 2189 corpore
1158 2097 1354 2186 gloriosam,

337 2228 516 2317 adeuntes,
544 2229 651 2300 sancti
674 2228 842 2300 Johannis
855 2228 1034 2324 Baptistae
1063 2230 1278 2303 nativitatem
1305 2231 1353 2302 ibi

336 2366 494 2448 egerunt.
513 2360 1355 2453 ludepersarracenorumcivitatemTherratas

334 2492 460 2566 dictam
475 2503 511 2566 et
528 2495 701 2566 castellnm
715 2495 833 2566 Arahe
855 2504 1023 2566 venerunt
1035 2493 1210 2567 Edissnm
1225 2492 1354 2596 (Edes-

330 2633 416 2717 sam)
431 2625 641 2699 Phoenicius
653 2627 799 2719 reliquis
813 2625 965 2700 Thomne
978 2626 1140 2722 Apostoli
1152 2635 1184 2700 et
1197 2629 1353 2723 epistota,

331 2780 437 2850 qaum
450 2758 606 2832 eulvdor
619 2756 785 2850 Abnpuro
798 2759 874 2849 repi
886 2761 1041 2855 scripsit,
1057 2762 1282 2849 magnificam:
1296 2764 1353 2836 nbi

330 2889 486 2983 (Emesa)
521 2914 608 2964 nunc
644 2893 718 2963 miri
753 2893 867 2982 operis
909 2894 1018 2965 claret
1055 2893 1210 2986 ecclesia,
1252 2916 1352 2986 qnam

329 3022 465 3097 Helena
491 3027 610 3116 regina
636 3024 823 3096 construxit
850 3025 884 3095 in
913 3026 1199 3099 honoremsancti
1219 3027 1349 3100 Jonan-

328 3156 379 3228 nis
411 3157 604 3252 Baptistae,
639 3159 733 3250 cnjus
761 3165 885 3250 capnt,
921 3160 964 3232 ab
992 3159 1237 3249 Hierosolymis
1271 3160 1350 3232 illnc

329 3291 542 3380 translatum,
571 3290 629 3362 diu
656 3290 688 3361 in
718 3289 838 3362 eadem
867 3291 966 3364 latuit
994 3294 1088 3365 urbo.

410 3429 445 3496 7.
474 3423 553 3497 Jam
590 3444 672 3495 vero
699 3444 732 3497 s.
772 3421 1004 3516 Willibaldns,
1041 3426 1280 3499 contionibus
1313 3448 1351 3499 se

329 3564 461 3650 septem
489 3557 559 3629 suls
572 3555 823 3647 contribulibus,
854 3559 928 3653 ipse
956 3559 1021 3633 luit
1049 3566 1200 3632 octuvus
1231 3559 1351 3632 Sarra·

326 3690 411 3782 oeni,
440 3688 592 3763 videntes
620 3710 679 3761 eos
706 3689 822 3778 lingua
849 3690 1019 3786 dissonos,
1054 3693 1171 3764 habitu
1199 3695 1347 3782 ignotos,

327 3822 525 3914 proditionis
551 3824 663 3914 gratia
690 3840 751 3895 eos
779 3824 915 3895 venisse
943 3825 1100 3898 dixerunt
1133 3834 1169 3895 et
1198 3825 1348 3919 praesidi
