3368 4650
327 523 373 591 22

410 703 506 773 Tunc
534 701 632 767 erant
659 715 736 764 cum
757 692 954 764 Willibaldo
981 697 1114 781 septam
1128 691 1343 779 contribules,

330 840 368 905 et
395 832 452 902 ille
480 829 553 918 ipse
581 825 645 898 mit
672 829 824 896 octavus.
856 822 1111 911 Confestimque
1145 821 1195 892 illi
1221 821 1346 912 pagani

331 959 503 1038 sarraceni
530 959 751 1050 reperientes,
781 953 872 1044 quod
904 953 1059 1026 advenae
1087 957 1125 1025 et
1150 954 1262 1044 ignoti
1289 954 1352 1027 bo-

333 1096 441 1168 mines
481 1091 561 1163 illuc
604 1089 795 1177 venissent,
833 1086 985 1159 tulemmt
1021 1107 1082 1160 eos
1119 1091 1156 1159 et
1192 1088 1349 1180 captivos

331 1225 513 1314 habebant,
542 1223 621 1313 quia
647 1221 856 1311 nesciebant,
885 1220 929 1293 de
957 1221 1057 1312 quale
1081 1220 1217 1296 fuerant
1234 1229 1349 1315 gente,

332 1358 393 1431 sed
420 1355 654 1449 speculatores
687 1375 762 1428 esse
794 1338 879 1426 illos'
906 1356 1137 1430 aestimabant
1191 1356 1244 1430 Et
1271 1378 1351 1450 cap·

334 1492 423 1564 tiros
449 1509 509 1564 eos
535 1489 701 1562 ducebant
728 1487 773 1560 ad
793 1488 973 1577 quemdam
990 1510 1108 1564 senem
1126 1489 1278 1581 divitem,
1311 1496 1351 1563 ut

335 1623 472 1698 videret
499 1627 538 1696 et
564 1597 776 1714 agnosceret,
805 1620 896 1694 unde
924 1627 1047 1694 essent.
1085 1623 1151 1696 Ast
1177 1622 1350 1697 illesenex

336 1755 562 1843 interrogavit
575 1755 661 1844 illos,
690 1753 780 1826 unde
795 1760 920 1843 essent,
948 1758 1008 1824 aut
1025 1754 1117 1844 quali
1127 1752 1351 1842 fungerentur

333 1887 512 1977 legatione.
541 1883 636 1958 Tunc
660 1885 709 1957 illi
735 1883 992 1977 respondentes,
1013 1884 1058 1956 ab
1087 1884 1226 1958 exordio
1241 1890 1351 1958 totam

334 2020 577 2092 intimaverunt
604 2018 635 2090 ei
661 2017 795 2089 itineris
820 2016 873 2087 sui
900 2036 1045 2088 cansam.
1102 2015 1152 2086 Et
1163 2016 1222 2089 ille
1248 2038 1350 2090 senex

335 2149 544 2242 respondens
588 2150 652 2221 ait:
685 2128 909 2238 ¹Frequenter
954 2147 1022 2218 buc
1070 2146 1244 2218 venientes
1281 2146 1351 2218 vidi

335 2280 489 2352 homines
515 2280 559 2353 de
584 2279 652 2351 illis
679 2283 794 2348 terrae
807 2277 961 2366 partibus
978 2277 1120 2348 istorum
1131 2278 1350 2366 contribules3

336 2433 403 2483 nou
431 2414 601 2500 quaerunt
632 2409 738 2498 mala,
779 2406 840 2480 sed
873 2407 986 2495 legem
1020 2427 1139 2479 eorum
1166 2407 1352 2502 adimplere

336 2542 481 2634 cupiunt.
543 2539 638 2614 Tunc
673 2540 723 2612 illi
759 2539 839 2611 inde
879 2543 1061 2630 pergentes
1101 2550 1268 2614 venerunt
1308 2542 1351 2615 ad

336 2675 512 2767 palatium,
539 2677 765 2771 abrogarent
790 2671 856 2743 illis
884 2671 973 2744 viam
1002 2673 1148 2744 transire
1181 2672 1224 2744 ad
1250 2672 1352 2747 Jeru-

339 2807 455 2880 salem.
498 2803 650 2897 Cumque
676 2804 745 2877 illic
772 2805 964 2896 veniebant,
992 2804 1109 2877 statim
1135 2802 1193 2876 ille
1211 2824 1353 2895 praeses

339 2937 432 3027 dixit,
462 2938 554 3028 quod
580 2937 809 3030 speculatores
827 2933 981 3028 fuissent,
1009 2940 1047 3009 et
1073 2937 1251 3029 praecepit
1276 2938 1352 3010 illos

337 3069 373 3141 iu
400 3089 573 3142 carcerem
599 3067 691 3141 trudi
706 3088 813 3158 usque
833 3066 877 3140 ad
896 3068 980 3141 illud
997 3074 1141 3161 tempus,
1172 3091 1240 3160 quo
1253 3092 1353 3163 repe

339 3201 426 3274 riret
451 3221 474 3272 a
498 3220 594 3290 rege,
624 3198 704 3290 quid
729 3198 867 3272 fecisset
893 3200 937 3273 de
954 3201 1090 3274 illorum
1105 3223 1214 3282 causa.
1251 3201 1353 3276 cum-

340 3352 408 3424 que
439 3331 489 3404 illi
522 3330 659 3405 fueraut
690 3330 725 3400 in
751 3350 902 3422 carcere,
931 3331 1108 3406 confestim
1134 3335 1220 3407 mira
1245 3336 1352 3408 omni·

337 3463 489 3557 potentis
519 3462 584 3535 Dei
621 3462 885 3554 dispensatione,
921 3465 978 3556 qui
1010 3465 1085 3557 pins
1118 3468 1246 3559 ubique
1273 3490 1352 3543 suos

337 3597 428 3669 inter
452 3596 522 3668 tela
548 3600 585 3668 et
609 3600 787 3687 tormenta,
814 3595 904 3670 inter
915 3597 1079 3672 barbaros
1093 3603 1131 3672 et
1157 3600 1350 3692 belligeros,

336 3729 428 3801 inter
454 3747 610 3802 carceres
637 3731 673 3800 et
699 3729 949 3802 contumacium
976 3734 1134 3805 antennas
1148 3751 1210 3805 sua
1233 3737 1354 3826 prote·
