3368 4650
288 430 385 537 ⁴24

343 652 453 738 batur,
483 656 520 721 et
546 645 604 714 iile
616 640 760 726 naviter,
789 637 823 706 in
837 635 935 726 cnjus
952 635 1033 704 navi
1051 633 1200 722 inerunt,
1231 632 1367 723 qnando

340 777 530 871 pergebant
557 772 601 844 de
629 768 755 861 Cypro,
785 787 901 838 omnes
927 766 1024 838 simul
1055 770 1223 837 venerant
1250 785 1365 837 eoram

340 929 424 998 rege
451 922 719 991 sarracenorum,
749 900 803 972 cui
830 919 954 971 nomen
972 898 1177 974 mirmnrnni.
1213 895 1366 970 Etcum

338 1040 467 1115 locutio
496 1032 666 1109 evenisset
698 1032 742 1106 de
780 1033 912 1105 illorum
940 1051 1059 1122 cansa,
1101 1030 1161 1104 ille
1202 1032 1365 1123 hispanus

336 1174 437 1244 homo
465 1166 588 1256 omnia,
619 1187 708 1258 quae
735 1167 784 1239 illi
812 1167 971 1240 dixerunt
998 1166 1031 1238 ei
1058 1166 1093 1237 in
1122 1186 1272 1256 earcere,
1300 1186 1364 1238 aue

337 1301 510 1375 intimavit
537 1296 647 1387 fratri,
678 1306 715 1372 et
742 1300 836 1371 illurn
863 1299 1009 1388 rogavit,
1039 1306 1079 1370 ut
1092 1301 1167 1390 regi
1195 1299 1366 1373 indicaret

339 1440 375 1506 et
407 1433 442 1503 in
468 1429 617 1504 subsidio
654 1430 722 1503 illis
757 1431 859 1504 ieret
915 1430 1001 1502 Post
1033 1431 1120 1504 baec
1144 1432 1263 1525 itaque
1287 1454 1363 1506 eum

338 1585 455 1638 ornnea
481 1565 539 1638 isti
565 1571 638 1636 tres
664 1564 761 1636 simui
791 1583 908 1635 coram
928 1582 1012 1652 rege
1030 1564 1188 1636 venirent
1201 1569 1237 1637 et
1252 1565 1365 1638 omnia

330 1699 428 1790 juxta
456 1697 609 1770 ordinem
643 1696 828 1770 intimando
862 1695 911 1768 illi
938 1694 1131 1767 indicarent
1169 1695 1214 1768 de
1241 1716 1361 1770 eornm

337 1850 447 1919 cansa,
475 1830 533 1902 ille
560 1851 622 1900 rex
649 1830 884 1921 interrogavit,
919 1826 1009 1900 unde
1037 1831 1164 1901 essent.
1224 1825 1273 1899 Et
1311 1827 1361 1900 illi

334 1961 507 2034 dixerunt:
549 1961 603 2033 De
640 1962 839 2035 occidentali
877 1961 994 2052 plaga,
1025 1959 1083 2031 nbi
1117 1960 1171 2031 sel
1199 1959 1358 2034 bccasnm

333 2092 453 2181 habet,
488 2093 547 2163 isti
588 2095 743 2168 homines
793 2101 972 2182 venerunt,
1016 2101 1052 2165 et
1095 2114 1156 2165 nos
1196 2093 1362 2166 nescimus

336 2230 463 2295 terram
491 2224 584 2296 ultra
604 2224 679 2297 illos
706 2234 742 2298 et
768 2225 852 2297 nihil
879 2225 944 2297 nisi
971 2243 1089 2315 aquas.
1135 2223 1187 2298 Et
1213 2226 1271 2301 ille
1301 2247 1361 2299 rex

332 2354 529 2447 respondit,
574 2356 624 2427 eis
651 2356 782 2429 dicens:
832 2358 946 2447 Quare
988 2377 1052 2428 nos
1097 2357 1260 2431 debemus
1301 2378 1361 2432 eos

332 2487 479 2578 punire?
522 2483 601 2558 Non
646 2487 773 2561 babent
811 2495 991 2582 peccatum
1030 2497 1149 2562 eontra
1174 2510 1249 2562 nos.
1305 2492 1361 2564 Da

332 2620 381 2691 eis
408 2619 509 2708 viam,
539 2625 576 2691 et
601 2619 673 2692 sine
701 2620 778 2694 illos
804 2623 908 2695 abire.
944 2621 1014 2693 Alii
1041 2622 1207 2713 homines,
1238 2624 1297 2714 qni
1324 2624 1359 2695 in

331 2772 468 2824 earcere
516 2750 749 2843 habebantur,
803 2752 973 2825 debebant
1019 2774 1157 2827 censum
1209 2755 1357 2829 reddere

328 2904 430 2955 unam
443 2884 633 2957 tremiaaem
644 2909 653 2973 ;
666 2885 859 2959 illisautem
874 2905 1012 2958 censum
1022 2885 1278 2961 initdinriaanm.
1300 2886 1354 2960 llli

305 3016 438 3108 =cyprii
480 3015 647 3090 sedebant
691 3019 781 3091 inter
817 3037 958 3107 graecos
994 3024 1032 3091 et
1063 3038 1273 3108 sarraeenoa
1315 3027 1352 3092 et

330 3146 477 3222 inermes
503 3147 653 3240 inerunt,
682 3150 762 3240 quia
787 3171 854 3242 pan
868 3149 1013 3222 maxima
1026 3151 1091 3223 tuit
1105 3157 1142 3225 et
1154 3151 1349 3224 conciliatio

331 3277 422 3350 inter
448 3298 646 3353 sanaeenoa
672 3287 716 3365 et¹
737 3288 890 3372 graecos.
934 3281 1064 3373 Magna
1096 3293 1133 3358 et
1158 3285 1230 3355 lata
1256 3284 1351 3374 regio

327 3405 393 3482 tuit
417 3409 486 3502 illa,
516 3413 555 3482 et
581 3411 761 3486 duedecim
790 3415 1025 3507 episcoporum
1042 3415 1207 3507 parocbia
1222 3423 1274 3489 est
1290 3418 1348 3489 ibi.
