3368 4650
1292 570 1357 640 tot

332 758 499 851 sentiens,
528 757 722 832 mundatum
750 758 935 852 prophetoe
962 759 1125 852 implevit,
1155 763 1192 831 et
1218 758 1357 830 cunutus

332 901 396 971 est
454 893 549 968 Siloe
575 895 760 969 secundum
786 894 1004 971 traditionem
1031 914 1189 986 syrorum
1216 913 1260 965 ex
1286 887 1357 964 sito

331 1049 474 1104 munere
502 1026 634 1103 dicitnr.
674 1027 766 1102 Siioe
792 1030 962 1121 gurgitem
989 1050 1087 1103 snum
1115 1048 1190 1101 cum
1218 1024 1357 1099 silentio

331 1164 447 1252 ducit,
496 1163 575 1254 quis
611 1164 880 1236 subterraneum.
946 1162 1055 1238 Juxts
1091 1161 1184 1234 Siloe
1228 1157 1357 1232 exstitit

331 1315 516 1387 querens
542 1294 695 1386 Rogel‚
724 1296 787 1370 sub
814 1317 881 1388 quo
906 1296 1026 1371 besum
1060 1294 1168 1368 Ionium
1201 1290 1358 1383 sepultus

331 1427 490 1517 quiescit.

415 1558 455 1628 In
485 1556 574 1629 vulle
601 1555 780 1647 Josuphst
798 1561 951 1651 sepultus
983 1561 1049 1633 fuit
1080 1560 1205 1632 beatus
1232 1557 1258 1632 J
1264 1576 1358 1631 sco·

330 1689 407 1762 bns
443 1685 644 1777 Alphnei,
686 1691 744 1780 qui
781 1690 824 1764 de
861 1693 1006 1784 templo,
1045 1696 1085 1762 nt
1122 1690 1250 1762 dietum
1290 1694 1353 1779 est,

331 1817 580 1910 prsedpitotns
618 1815 697 1890 fnit.
766 1821 830 1895 Fst
869 1828 984 1896 sutem
1029 1823 1065 1893 in
1106 1820 1226 1893 eudem
1264 1819 1355 1893 rullo

329 1952 476 2046 pulchre
507 1951 693 2044 ospello,
730 1953 764 2024 in
799 1975 866 2046 qno
897 1955 1058 2026 indicium
1091 1957 1207 2026 monet
1240 1951 1356 2043 sepul·

329 2091 430 2159 turne
458 2085 542 2176 ejm,
571 2084 624 2158 his
650 2087 869 2180 superpositis
895 2087 1064 2161 versibus:

357 2215 523 2307 Urgent
548 2217 736 2310 Alphuei
763 2225 907 2293 notum
942 2220 1035 2293 sine
1062 2219 1156 2307 lege
1185 2216 1350 2310 judaei.

359 2350 498 2426 Conso
523 2353 640 2425 necis
665 2352 722 2426 iit
749 2353 786 2426 ei
813 2373 959 2427 nomen
986 2372 1187 2443 amorque
1214 2351 1303 2423 Dei.

357 2484 542 2577 Alphoei
570 2488 693 2558 notus
720 2485 769 2558 de
798 2486 955 2579 templo
982 2483 1304 2577 praecipitatus

357 2618 438 2690 huc
471 2615 553 2690 fuit
579 2616 739 2690 allatus
774 2626 815 2691 et
842 2617 995 2691 devote
1023 2617 1274 2690 tumulatus.

413 2750 542 2825 Verum
570 2749 693 2823 exinde
726 2757 846 2842 posteo
877 2750 940 2824 fnit
971 2752 1144 2844 spostolus
1170 2750 1238 2824 Dei
1265 2747 1355 2824 Con·

328 2883 589 2977 stsntinopolim
617 2882 815 2957 translatus.

412 3017 451 3090 In
485 3016 576 3090 nulle
608 3014 777 3109 Josophnt
811 3016 873 3090 sub
906 3021 1008 3089 scuto
1041 3014 1260 3109 pyramide
1291 3033 1354 3087 rex

330 3152 423 3225 idem
458 3148 666 3243 Jossphnt
699 3150 883 3223 tumulatus
914 3149 997 3241 fuit,
1033 3168 1055 3221 n
1087 3149 1185 3241 enjus
1219 3146 1355 3220 nomine

329 3293 406 3361 toto
433 3285 529 3359 vulis
555 3283 677 3358 sortito
703 3288 757 3356 est
782 3303 914 3358 nomen.
958 3286 1220 3374 Interpretatur
1237 3286 1352 3354 sutem

330 3419 429 3494 sullis
450 3418 588 3513 judieii,
622 3416 725 3508 juxto
752 3416 850 3489 iliud:
880 3414 1101 3509 Conpregobo
1124 3437 1241 3489 omnes
1270 3435 1354 3506 pm·

329 3559 382 3626 tes
409 3558 476 3626 eto.
518 3550 653 3624 Eodem
676 3550 774 3625 vullis
801 3552 952 3624 exomni
978 3554 1081 3644 purte
1107 3550 1224 3642 plures
1251 3548 1356 3622 hebet

330 3705 502 3777 oureus,
531 3685 566 3757 in
595 3684 718 3776 quibus
745 3684 978 3775 religiosae
1006 3704 1216 3777 personae
1245 3682 1353 3754 ritum

329 3819 460 3895 ducunt
485 3816 706 3894 eremiticum.
