<?xml version="1.0" encoding="UTF-8"?>
<!DOCTYPE html PUBLIC "-//W3C//DTD XHTML 1.0 Transitional//EN"
    "http://www.w3.org/TR/xhtml1/DTD/xhtml1-transitional.dtd">
<html xmlns="http://www.w3.org/1999/xhtml" xml:lang="en" lang="en">
 <head>
  <title>
</title>
<meta http-equiv="Content-Type" content="text/html;charset=utf-8" />
  <meta name='ocr-system' content='tesseract 3.04.00' />
  <meta name='ocr-capabilities' content='ocr_page ocr_carea ocr_par ocr_line ocrx_word'/>
</head>
<body>
  <div class='ocr_page' id='page_1' title='image "./descriptioneste00toblgoog_0277.png"; bbox 0 0 3368 4650; ppageno 0'>
   <div class='ocr_carea' id='block_1_1' title="bbox 1284 611 1357 687">
    <p class='ocr_par' dir='ltr' id='par_1_1' title="bbox 1284 611 1357 687">
     <span class='ocr_line' id='line_1_1' title="bbox 1284 611 1357 687; baseline -0.027 -1"><span class='ocrx_word' id='word_1_1' title='bbox 1284 611 1357 687; x_wconf 71' lang='lat'><strong>‘26⁷</strong></span> 
     </span>
    </p>
   </div>
   <div class='ocr_carea' id='block_1_2' title="bbox 322 805 1422 3970">
    <p class='ocr_par' dir='ltr' id='par_1_2' title="bbox 322 805 1422 3970">
     <span class='ocr_line' id='line_1_2' title="bbox 331 805 1361 882; baseline -0.004 -2"><span class='ocrx_word' id='word_1_2' title='bbox 331 813 433 880; x_wconf 85' lang='lat' dir='ltr'><strong>natus</strong></span> <span class='ocrx_word' id='word_1_3' title='bbox 460 813 495 880; x_wconf 86' lang='lat' dir='ltr'><strong>et</strong></span> <span class='ocrx_word' id='word_1_4' title='bbox 522 808 610 882; x_wconf 85' lang='lat' dir='ltr'><strong>sicut</strong></span> <span class='ocrx_word' id='word_1_5' title='bbox 636 828 698 880; x_wconf 85' lang='lat' dir='ltr'><strong>rex</strong></span> <span class='ocrx_word' id='word_1_6' title='bbox 724 808 893 881; x_wconf 87' lang='lat' dir='ltr'><strong>adoratus.</strong></span> <span class='ocrx_word' id='word_1_7' title='bbox 935 806 1046 880; x_wconf 84' lang='lat' dir='ltr'><strong>Facta</strong></span> <span class='ocrx_word' id='word_1_8' title='bbox 1072 813 1124 881; x_wconf 87' lang='lat' dir='ltr'><strong>est</strong></span> <span class='ocrx_word' id='word_1_9' title='bbox 1150 805 1278 880; x_wconf 82' lang='lat' dir='ltr'><strong>ibidem</strong></span> <span class='ocrx_word' id='word_1_10' title='bbox 1304 822 1361 876; x_wconf 90' lang='lat' dir='ltr'><strong>ca·</strong></span> 
     </span>
     <span class='ocr_line' id='line_1_3' title="bbox 331 940 1362 1034; baseline 0 -20"><span class='ocrx_word' id='word_1_11' title='bbox 331 942 423 1033; x_wconf 90' lang='lat' dir='ltr'><strong>pella</strong></span> <span class='ocrx_word' id='word_1_12' title='bbox 443 963 519 1015; x_wconf 92' lang='lat' dir='ltr'><strong>cum</strong></span> <span class='ocrx_word' id='word_1_13' title='bbox 546 964 614 1016; x_wconf 90' lang='lat' dir='ltr'><strong>uuo</strong></span> <span class='ocrx_word' id='word_1_14' title='bbox 633 943 744 1034; x_wconf 92' lang='lat' dir='ltr'><strong>altari,</strong></span> <span class='ocrx_word' id='word_1_15' title='bbox 772 941 900 1016; x_wconf 89' lang='lat' dir='ltr'><strong>habens</strong></span> <span class='ocrx_word' id='word_1_16' title='bbox 927 944 963 1016; x_wconf 89' lang='lat' dir='ltr'><strong>in</strong></span> <span class='ocrx_word' id='word_1_17' title='bbox 991 941 1158 1014; x_wconf 83' lang='lat' dir='ltr'><strong>descensu</strong></span> <span class='ocrx_word' id='word_1_18' title='bbox 1185 940 1265 1014; x_wconf 79' lang='lat' dir='ltr'><strong>xviii</strong></span> <span class='ocrx_word' id='word_1_19' title='bbox 1282 958 1362 1030; x_wconf 77' lang='lat' dir='ltr'><strong>gra·</strong></span> 
     </span>
     <span class='ocr_line' id='line_1_4' title="bbox 332 1073 1360 1170; baseline -0.002 -24"><span class='ocrx_word' id='word_1_20' title='bbox 332 1073 403 1147; x_wconf 89' lang='lat' dir='ltr'><strong>dus.</strong></span> <span class='ocrx_word' id='word_1_21' title='bbox 440 1075 524 1149; x_wconf 84' lang='lat' dir='ltr'><strong>Post</strong></span> <span class='ocrx_word' id='word_1_22' title='bbox 540 1077 733 1150; x_wconf 87' lang='lat' dir='ltr'><strong>Baruthum</strong></span> <span class='ocrx_word' id='word_1_23' title='bbox 752 1083 871 1150; x_wconf 84' lang='lat' dir='ltr'><strong>contra</strong></span> <span class='ocrx_word' id='word_1_24' title='bbox 891 1077 1090 1170; x_wconf 78' lang='lat' dir='ltr'><strong>aquilonem</strong></span> <span class='ocrx_word' id='word_1_25' title='bbox 1109 1084 1163 1150; x_wconf 87' lang='lat' dir='ltr'><strong>est</strong></span> <span class='ocrx_word' id='word_1_26' title='bbox 1178 1074 1360 1148; x_wconf 89' lang='lat' dir='ltr'><strong>Biblium</strong></span> 
     </span>
     <span class='ocr_line' id='line_1_5' title="bbox 332 1207 1360 1303; baseline 0.002 -26"><span class='ocrx_word' id='word_1_27' title='bbox 332 1207 366 1277; x_wconf 89' lang='lat' dir='ltr'><strong>in</strong></span> <span class='ocrx_word' id='word_1_28' title='bbox 394 1209 512 1282; x_wconf 89' lang='lat' dir='ltr'><strong>littore</strong></span> <span class='ocrx_word' id='word_1_29' title='bbox 540 1212 663 1302; x_wconf 84' lang='lat' dir='ltr'><strong>maris,</strong></span> <span class='ocrx_word' id='word_1_30' title='bbox 689 1211 807 1284; x_wconf 86' lang='lat' dir='ltr'><strong>civitas</strong></span> <span class='ocrx_word' id='word_1_31' title='bbox 833 1213 943 1303; x_wconf 91' lang='lat' dir='ltr'><strong>prima</strong></span> <span class='ocrx_word' id='word_1_32' title='bbox 970 1210 1013 1284; x_wconf 90' lang='lat' dir='ltr'><strong>de</strong></span> <span class='ocrx_word' id='word_1_33' title='bbox 1041 1210 1273 1303; x_wconf 74' lang='lat' dir='ltr'><strong>patriarchatu</strong></span> <span class='ocrx_word' id='word_1_34' title='bbox 1300 1227 1360 1278; x_wconf 88' lang='lat' dir='ltr'><strong>an·</strong></span> 
     </span>
     <span class='ocr_line' id='line_1_6' title="bbox 331 1341 1359 1420; baseline 0 -8"><span class='ocrx_word' id='word_1_35' title='bbox 331 1341 481 1420; x_wconf 84' lang='lat' dir='ltr'><strong>tioceno.</strong></span> <span class='ocrx_word' id='word_1_36' title='bbox 515 1343 570 1417; x_wconf 87' lang='lat' dir='ltr'><strong>De</strong></span> <span class='ocrx_word' id='word_1_37' title='bbox 598 1344 665 1415; x_wconf 87' lang='lat' dir='ltr'><strong>ista</strong></span> <span class='ocrx_word' id='word_1_38' title='bbox 691 1343 813 1418; x_wconf 84' lang='lat' dir='ltr'><strong>dicitur</strong></span> <span class='ocrx_word' id='word_1_39' title='bbox 838 1344 873 1417; x_wconf 91' lang='lat' dir='ltr'><strong>in</strong></span> <span class='ocrx_word' id='word_1_40' title='bbox 900 1344 1097 1418; x_wconf 85' lang='lat' dir='ltr'><strong>Ezechielis</strong></span> <span class='ocrx_word' id='word_1_41' title='bbox 1112 1347 1175 1416; x_wconf 85' lang='lat'><strong>27.</strong></span> <span class='ocrx_word' id='word_1_42' title='bbox 1205 1342 1239 1413; x_wconf 90' lang='lat' dir='ltr'><strong>in</strong></span> <span class='ocrx_word' id='word_1_43' title='bbox 1268 1361 1359 1414; x_wconf 91' lang='lat' dir='ltr'><strong>com·</strong></span> 
     </span>
     <span class='ocr_line' id='line_1_7' title="bbox 331 1474 1358 1570; baseline 0.002 -25"><span class='ocrx_word' id='word_1_44' title='bbox 331 1474 546 1549; x_wconf 86' lang='lat' dir='ltr'><strong>mendatione</strong></span> <span class='ocrx_word' id='word_1_45' title='bbox 569 1476 654 1567; x_wconf 83' lang='lat' dir='ltr'><strong>Tyri</strong></span> <span class='ocrx_word' id='word_1_46' title='bbox 690 1485 725 1548; x_wconf 86' lang='lat' dir='ltr'><strong>et</strong></span> <span class='ocrx_word' id='word_1_47' title='bbox 752 1478 785 1549; x_wconf 90' lang='lat' dir='ltr'><strong>iu</strong></span> <span class='ocrx_word' id='word_1_48' title='bbox 812 1478 900 1551; x_wconf 86' lang='lat' dir='ltr'><strong>libro</strong></span> <span class='ocrx_word' id='word_1_49' title='bbox 924 1483 959 1551; x_wconf 88' lang='lat'><strong>3.</strong></span> <span class='ocrx_word' id='word_1_50' title='bbox 983 1477 1129 1568; x_wconf 82' lang='lat' dir='ltr'><strong>Regum,</strong></span> <span class='ocrx_word' id='word_1_51' title='bbox 1158 1475 1248 1570; x_wconf 90' lang='lat' dir='ltr'><strong>quod</strong></span> <span class='ocrx_word' id='word_1_52' title='bbox 1276 1495 1358 1565; x_wconf 89' lang='lat' dir='ltr'><strong>ope·</strong></span> 
     </span>
     <span class='ocr_line' id='line_1_8' title="bbox 331 1608 1358 1703; baseline 0.002 -25"><span class='ocrx_word' id='word_1_53' title='bbox 331 1609 413 1679; x_wconf 92' lang='lat' dir='ltr'><strong>rarii</strong></span> <span class='ocrx_word' id='word_1_54' title='bbox 437 1608 627 1681; x_wconf 87' lang='lat' dir='ltr'><strong>Salomonis</strong></span> <span class='ocrx_word' id='word_1_55' title='bbox 656 1617 755 1681; x_wconf 86' lang='lat' dir='ltr'><strong>erant</strong></span> <span class='ocrx_word' id='word_1_56' title='bbox 783 1611 826 1682; x_wconf 91' lang='lat' dir='ltr'><strong>de</strong></span> <span class='ocrx_word' id='word_1_57' title='bbox 846 1610 972 1684; x_wconf 87' lang='lat' dir='ltr'><strong>Biblio.</strong></span> <span class='ocrx_word' id='word_1_58' title='bbox 1012 1610 1112 1683; x_wconf 88' lang='lat' dir='ltr'><strong>Nunc</strong></span> <span class='ocrx_word' id='word_1_59' title='bbox 1138 1611 1212 1703; x_wconf 91' lang='lat' dir='ltr'><strong>ipsa</strong></span> <span class='ocrx_word' id='word_1_60' title='bbox 1237 1610 1358 1681; x_wconf 82' lang='lat' dir='ltr'><strong>civitas</strong></span> 
     </span>
     <span class='ocr_line' id='line_1_9' title="bbox 330 1738 1357 1834; baseline 0 -21"><span class='ocrx_word' id='word_1_61' title='bbox 330 1738 459 1814; x_wconf 86' lang='lat' dir='ltr'><strong>Gibeth</strong></span> <span class='ocrx_word' id='word_1_62' title='bbox 487 1741 700 1834; x_wconf 84' lang='lat' dir='ltr'><strong>(Gibleth)</strong></span> <span class='ocrx_word' id='word_1_63' title='bbox 728 1742 861 1832; x_wconf 89' lang='lat' dir='ltr'><strong>dicitur,</strong></span> <span class='ocrx_word' id='word_1_64' title='bbox 891 1751 926 1817; x_wconf 86' lang='lat' dir='ltr'><strong>et</strong></span> <span class='ocrx_word' id='word_1_65' title='bbox 954 1751 1008 1815; x_wconf 86' lang='lat' dir='ltr'><strong>est</strong></span> <span class='ocrx_word' id='word_1_66' title='bbox 1034 1745 1116 1815; x_wconf 86' lang='lat' dir='ltr'><strong>satis</strong></span> <span class='ocrx_word' id='word_1_67' title='bbox 1144 1763 1260 1834; x_wconf 89' lang='lat' dir='ltr'><strong>parva.</strong></span> <span class='ocrx_word' id='word_1_68' title='bbox 1303 1741 1357 1813; x_wconf 86' lang='lat' dir='ltr'><strong>De</strong></span> 
     </span>
     <span class='ocr_line' id='line_1_10' title="bbox 330 1872 1357 1970; baseline -0.002 -24"><span class='ocrx_word' id='word_1_69' title='bbox 330 1874 444 1947; x_wconf 92' lang='lat' dir='ltr'><strong>Biblio</strong></span> <span class='ocrx_word' id='word_1_70' title='bbox 469 1875 512 1947; x_wconf 95' lang='lat' dir='ltr'><strong>ad</strong></span> <span class='ocrx_word' id='word_1_71' title='bbox 541 1885 612 1949; x_wconf 91' lang='lat' dir='ltr'><strong>tres</strong></span> <span class='ocrx_word' id='word_1_72' title='bbox 631 1877 745 1948; x_wconf 88' lang='lat' dir='ltr'><strong>leucas</strong></span> <span class='ocrx_word' id='word_1_73' title='bbox 771 1882 822 1948; x_wconf 90' lang='lat' dir='ltr'><strong>est</strong></span> <span class='ocrx_word' id='word_1_74' title='bbox 847 1875 1009 1948; x_wconf 90' lang='lat' dir='ltr'><strong>Botros</strong></span> <span class='ocrx_word' id='word_1_75' title='bbox 1036 1872 1208 1970; x_wconf 79' lang='lat' dir='ltr'><strong>(Botrys),</strong></span> <span class='ocrx_word' id='word_1_76' title='bbox 1237 1874 1357 1945; x_wconf 82' lang='lat' dir='ltr'><strong>civitas</strong></span> 
     </span>
     <span class='ocr_line' id='line_1_11' title="bbox 331 2007 1356 2099; baseline -0.001 -20"><span class='ocrx_word' id='word_1_77' title='bbox 331 2009 501 2099; x_wconf 88' lang='lat' dir='ltr'><strong>quondam</strong></span> <span class='ocrx_word' id='word_1_78' title='bbox 542 2008 723 2097; x_wconf 86' lang='lat' dir='ltr'><strong>opulenta,</strong></span> <span class='ocrx_word' id='word_1_79' title='bbox 758 2008 817 2080; x_wconf 92' lang='lat' dir='ltr'><strong>sed</strong></span> <span class='ocrx_word' id='word_1_80' title='bbox 858 2030 946 2081; x_wconf 89' lang='lat' dir='ltr'><strong>nunc</strong></span> <span class='ocrx_word' id='word_1_81' title='bbox 978 2007 1131 2080; x_wconf 82' lang='lat' dir='ltr'><strong>funditus</strong></span> <span class='ocrx_word' id='word_1_82' title='bbox 1170 2007 1356 2080; x_wconf 78' lang='lat' dir='ltr'><strong>destructa</strong></span> 
     </span>
     <span class='ocr_line' id='line_1_12' title="bbox 330 2139 1357 2231; baseline -0.003 -19"><span class='ocrx_word' id='word_1_83' title='bbox 330 2139 485 2213; x_wconf 89' lang='lat' dir='ltr'><strong>Indead</strong></span> <span class='ocrx_word' id='word_1_84' title='bbox 514 2147 585 2211; x_wconf 86' lang='lat' dir='ltr'><strong>tres</strong></span> <span class='ocrx_word' id='word_1_85' title='bbox 613 2141 730 2212; x_wconf 86' lang='lat' dir='ltr'><strong>leucas</strong></span> <span class='ocrx_word' id='word_1_86' title='bbox 758 2150 810 2212; x_wconf 77' lang='lat' dir='ltr'><strong>est</strong></span> <span class='ocrx_word' id='word_1_87' title='bbox 838 2148 987 2212; x_wconf 86' lang='lat' dir='ltr'><strong>castrum</strong></span> <span class='ocrx_word' id='word_1_88' title='bbox 1025 2148 1061 2212; x_wconf 87' lang='lat' dir='ltr'><strong>et</strong></span> <span class='ocrx_word' id='word_1_89' title='bbox 1096 2141 1177 2213; x_wconf 82' lang='lat' dir='ltr'><strong>villa</strong></span> <span class='ocrx_word' id='word_1_90' title='bbox 1208 2140 1357 2231; x_wconf 85' lang='lat' dir='ltr'><strong>Nemsyn</strong></span> 
     </span>
     <span class='ocr_line' id='line_1_13' title="bbox 331 2267 1354 2372; baseline -0.003 -29"><span class='ocrx_word' id='word_1_91' title='bbox 331 2267 380 2372; x_wconf 89' lang='lat' dir='ltr'><strong>(N</strong></span> <span class='ocrx_word' id='word_1_92' title='bbox 388 2271 533 2365; x_wconf 79' lang='lat' dir='ltr'><strong>ephiri)</strong></span> <span class='ocrx_word' id='word_1_93' title='bbox 568 2272 642 2342; x_wconf 87' lang='lat' dir='ltr'><strong>lere</strong></span> <span class='ocrx_word' id='word_1_94' title='bbox 669 2272 703 2342; x_wconf 88' lang='lat' dir='ltr'><strong>in</strong></span> <span class='ocrx_word' id='word_1_95' title='bbox 731 2273 813 2343; x_wconf 91' lang='lat' dir='ltr'><strong>mari</strong></span> <span class='ocrx_word' id='word_1_96' title='bbox 846 2273 945 2345; x_wconf 88' lang='lat' dir='ltr'><strong>situm</strong></span> <span class='ocrx_word' id='word_1_97' title='bbox 987 2281 1024 2346; x_wconf 89' lang='lat' dir='ltr'><strong>ct</strong></span> <span class='ocrx_word' id='word_1_98' title='bbox 1053 2274 1152 2346; x_wconf 86' lang='lat' dir='ltr'><strong>valde</strong></span> <span class='ocrx_word' id='word_1_99' title='bbox 1179 2274 1354 2346; x_wconf 89' lang='lat' dir='ltr'><strong>munitum.</strong></span> 
     </span>
     <span class='ocr_line' id='line_1_14' title="bbox 328 2403 1356 2497; baseline 0.004 -22"><span class='ocrx_word' id='word_1_100' title='bbox 328 2403 463 2475; x_wconf 86' lang='lat' dir='ltr'><strong>Deinde</strong></span> <span class='ocrx_word' id='word_1_101' title='bbox 490 2424 555 2494; x_wconf 92' lang='lat' dir='ltr'><strong>per</strong></span> <span class='ocrx_word' id='word_1_102' title='bbox 583 2404 668 2475; x_wconf 89' lang='lat' dir='ltr'><strong>duas</strong></span> <span class='ocrx_word' id='word_1_103' title='bbox 695 2405 809 2478; x_wconf 86' lang='lat' dir='ltr'><strong>leucas</strong></span> <span class='ocrx_word' id='word_1_104' title='bbox 837 2413 889 2476; x_wconf 90' lang='lat' dir='ltr'><strong>est</strong></span> <span class='ocrx_word' id='word_1_105' title='bbox 915 2406 1123 2497; x_wconf 85' lang='lat' dir='ltr'><strong>Tripolis,</strong></span> <span class='ocrx_word' id='word_1_106' title='bbox 1153 2406 1285 2479; x_wconf 82' lang='lat' dir='ltr'><strong>famosa</strong></span> <span class='ocrx_word' id='word_1_107' title='bbox 1311 2406 1356 2478; x_wconf 92' lang='lat' dir='ltr'><strong>ci·</strong></span> 
     </span>
     <span class='ocr_line' id='line_1_15' title="bbox 330 2535 1355 2627; baseline 0.003 -20"><span class='ocrx_word' id='word_1_108' title='bbox 330 2537 417 2608; x_wconf 81' lang='lat' dir='ltr'><strong>vitas</strong></span> <span class='ocrx_word' id='word_1_109' title='bbox 451 2556 557 2624; x_wconf 87' lang='lat' dir='ltr'><strong>super</strong></span> <span class='ocrx_word' id='word_1_110' title='bbox 590 2535 683 2607; x_wconf 87' lang='lat' dir='ltr'><strong>littus</strong></span> <span class='ocrx_word' id='word_1_111' title='bbox 717 2537 829 2608; x_wconf 85' lang='lat' dir='ltr'><strong>maris.</strong></span> <span class='ocrx_word' id='word_1_112' title='bbox 886 2537 1054 2610; x_wconf 86' lang='lat' dir='ltr'><strong>Habitant</strong></span> <span class='ocrx_word' id='word_1_113' title='bbox 1089 2542 1123 2610; x_wconf 90' lang='lat' dir='ltr'><strong>in</strong></span> <span class='ocrx_word' id='word_1_114' title='bbox 1160 2560 1201 2609; x_wconf 90' lang='lat' dir='ltr'><strong>ea</strong></span> <span class='ocrx_word' id='word_1_115' title='bbox 1227 2538 1355 2627; x_wconf 79' lang='lat' dir='ltr'><strong>graeci,</strong></span> 
     </span>
     <span class='ocr_line' id='line_1_16' title="bbox 327 2668 1349 2759; baseline 0.002 -19"><span class='ocrx_word' id='word_1_116' title='bbox 327 2668 441 2759; x_wconf 86' lang='lat' dir='ltr'><strong>latini,</strong></span> <span class='ocrx_word' id='word_1_117' title='bbox 485 2668 635 2754; x_wconf 88' lang='lat' dir='ltr'><strong>armeni,</strong></span> <span class='ocrx_word' id='word_1_118' title='bbox 675 2671 881 2758; x_wconf 90' lang='lat' dir='ltr'><strong>moranitae,</strong></span> <span class='ocrx_word' id='word_1_119' title='bbox 923 2673 1109 2743; x_wconf 88' lang='lat' dir='ltr'><strong>nestoriani</strong></span> <span class='ocrx_word' id='word_1_120' title='bbox 1152 2677 1190 2744; x_wconf 90' lang='lat' dir='ltr'><strong>et</strong></span> <span class='ocrx_word' id='word_1_121' title='bbox 1222 2671 1349 2742; x_wconf 87' lang='lat' dir='ltr'><strong>multae</strong></span> 
     </span>
     <span class='ocr_line' id='line_1_17' title="bbox 326 2799 1422 2894; baseline 0.001 -22"><span class='ocrx_word' id='word_1_122' title='bbox 326 2807 462 2890; x_wconf 84' lang='lat' dir='ltr'><strong>gentes.</strong></span> <span class='ocrx_word' id='word_1_123' title='bbox 496 2799 551 2870; x_wconf 91' lang='lat' dir='ltr'><strong>De</strong></span> <span class='ocrx_word' id='word_1_124' title='bbox 579 2801 691 2872; x_wconf 90' lang='lat' dir='ltr'><strong>serico</strong></span> <span class='ocrx_word' id='word_1_125' title='bbox 719 2802 826 2871; x_wconf 86' lang='lat' dir='ltr'><strong>multo</strong></span> <span class='ocrx_word' id='word_1_126' title='bbox 853 2800 939 2873; x_wconf 86' lang='lat' dir='ltr'><strong>fiunt</strong></span> <span class='ocrx_word' id='word_1_127' title='bbox 957 2802 993 2873; x_wconf 89' lang='lat' dir='ltr'><strong>in</strong></span> <span class='ocrx_word' id='word_1_128' title='bbox 1013 2823 1055 2873; x_wconf 90' lang='lat' dir='ltr'><strong>ea</strong></span> <span class='ocrx_word' id='word_1_129' title='bbox 1077 2824 1193 2894; x_wconf 89' lang='lat' dir='ltr'><strong>opera.</strong></span> <span class='ocrx_word' id='word_1_130' title='bbox 1228 2803 1353 2876; x_wconf 76' lang='lat' dir='ltr'><strong>Auditi</strong></span> <span class='ocrx_word' id='word_1_131' title='bbox 1417 2829 1422 2837; x_wconf 94' lang='lat'>·</span> 
     </span>
     <span class='ocr_line' id='line_1_18' title="bbox 327 2934 1354 3025; baseline 0.001 -21"><span class='ocrx_word' id='word_1_132' title='bbox 327 2955 390 3025; x_wconf 90' lang='lat' dir='ltr'><strong>pro</strong></span> <span class='ocrx_word' id='word_1_133' title='bbox 426 2954 527 3024; x_wconf 82' lang='lat' dir='ltr'><strong>vero,</strong></span> <span class='ocrx_word' id='word_1_134' title='bbox 568 2934 659 3023; x_wconf 87' lang='lat' dir='ltr'><strong>quod</strong></span> <span class='ocrx_word' id='word_1_135' title='bbox 694 2941 808 3005; x_wconf 85' lang='lat' dir='ltr'><strong>essent</strong></span> <span class='ocrx_word' id='word_1_136' title='bbox 847 2935 879 3004; x_wconf 91' lang='lat' dir='ltr'><strong>in</strong></span> <span class='ocrx_word' id='word_1_137' title='bbox 914 2955 956 3005; x_wconf 86' lang='lat' dir='ltr'><strong>ea</strong></span> <span class='ocrx_word' id='word_1_138' title='bbox 992 2942 1147 3008; x_wconf 84' lang='lat' dir='ltr'><strong>textores</strong></span> <span class='ocrx_word' id='word_1_139' title='bbox 1180 2938 1279 3008; x_wconf 86' lang='lat' dir='ltr'><strong>serici</strong></span> <span class='ocrx_word' id='word_1_140' title='bbox 1319 2943 1354 3006; x_wconf 85' lang='lat' dir='ltr'><strong>et</strong></span> 
     </span>
     <span class='ocr_line' id='line_1_19' title="bbox 328 3066 1351 3159; baseline 0.003 -23"><span class='ocrx_word' id='word_1_141' title='bbox 328 3067 485 3138; x_wconf 88' lang='lat' dir='ltr'><strong>cameloti</strong></span> <span class='ocrx_word' id='word_1_142' title='bbox 513 3066 607 3137; x_wconf 90' lang='lat' dir='ltr'><strong>mille</strong></span> <span class='ocrx_word' id='word_1_143' title='bbox 636 3074 673 3138; x_wconf 90' lang='lat' dir='ltr'><strong>et</strong></span> <span class='ocrx_word' id='word_1_144' title='bbox 701 3066 845 3138; x_wconf 86' lang='lat' dir='ltr'><strong>ducenti.</strong></span> <span class='ocrx_word' id='word_1_145' title='bbox 884 3068 915 3136; x_wconf 83' lang='lat' dir='ltr'><strong>A</strong></span> <span class='ocrx_word' id='word_1_146' title='bbox 943 3066 1076 3157; x_wconf 87' lang='lat' dir='ltr'><strong>Tripoli</strong></span> <span class='ocrx_word' id='word_1_147' title='bbox 1105 3090 1168 3159; x_wconf 88' lang='lat' dir='ltr'><strong>per</strong></span> <span class='ocrx_word' id='word_1_148' title='bbox 1193 3075 1263 3140; x_wconf 84' lang='lat' dir='ltr'><strong>tres</strong></span> <span class='ocrx_word' id='word_1_149' title='bbox 1280 3070 1351 3142; x_wconf 90' lang='lat' dir='ltr'><strong>leu-</strong></span> 
     </span>
     <span class='ocr_line' id='line_1_20' title="bbox 326 3198 1351 3292; baseline 0.004 -24"><span class='ocrx_word' id='word_1_150' title='bbox 326 3218 382 3268; x_wconf 90' lang='lat' dir='ltr'><strong>cas</strong></span> <span class='ocrx_word' id='word_1_151' title='bbox 403 3198 604 3270; x_wconf 79' lang='lat' dir='ltr'><strong>terminatur</strong></span> <span class='ocrx_word' id='word_1_152' title='bbox 624 3220 722 3271; x_wconf 87' lang='lat' dir='ltr'><strong>mons</strong></span> <span class='ocrx_word' id='word_1_153' title='bbox 740 3198 898 3289; x_wconf 86' lang='lat' dir='ltr'><strong>Libanus,</strong></span> <span class='ocrx_word' id='word_1_154' title='bbox 919 3200 964 3271; x_wconf 91' lang='lat' dir='ltr'><strong>ad</strong></span> <span class='ocrx_word' id='word_1_155' title='bbox 985 3201 1080 3292; x_wconf 89' lang='lat' dir='ltr'><strong>cujus</strong></span> <span class='ocrx_word' id='word_1_156' title='bbox 1098 3200 1222 3292; x_wconf 93' lang='lat' dir='ltr'><strong>pedem</strong></span> <span class='ocrx_word' id='word_1_157' title='bbox 1243 3203 1351 3272; x_wconf 87' lang='lat' dir='ltr'><strong>oritur</strong></span> 
     </span>
     <span class='ocr_line' id='line_1_21' title="bbox 323 3329 1352 3425; baseline 0.005 -24"><span class='ocrx_word' id='word_1_158' title='bbox 323 3330 403 3415; x_wconf 73' lang='lat' dir='ltr'><strong>fons</strong></span> <span class='ocrx_word' id='word_1_159' title='bbox 423 3329 609 3418; x_wconf 80' lang='lat' dir='ltr'><strong>hortorum,</strong></span> <span class='ocrx_word' id='word_1_160' title='bbox 635 3330 749 3419; x_wconf 74' lang='lat' dir='ltr'><strong>fideres</strong></span> <span class='ocrx_word' id='word_1_161' title='bbox 777 3335 904 3425; x_wconf 81' lang='lat' dir='ltr'><strong>impetu</strong></span> <span class='ocrx_word' id='word_1_162' title='bbox 931 3334 977 3405; x_wconf 83' lang='lat' dir='ltr'><strong>cle</strong></span> <span class='ocrx_word' id='word_1_163' title='bbox 993 3332 1139 3423; x_wconf 80' lang='lat' dir='ltr'><strong>Libano,</strong></span> <span class='ocrx_word' id='word_1_164' title='bbox 1170 3343 1206 3407; x_wconf 91' lang='lat' dir='ltr'><strong>et</strong></span> <span class='ocrx_word' id='word_1_165' title='bbox 1231 3336 1352 3424; x_wconf 82' lang='lat' dir='ltr'><strong>irrigat</strong></span> 
     </span>
     <span class='ocr_line' id='line_1_22' title="bbox 325 3463 1350 3562; baseline 0.009 -30"><span class='ocrx_word' id='word_1_166' title='bbox 325 3483 440 3536; x_wconf 87' lang='lat' dir='ltr'><strong>omues</strong></span> <span class='ocrx_word' id='word_1_167' title='bbox 459 3463 578 3537; x_wconf 88' lang='lat' dir='ltr'><strong>hortos</strong></span> <span class='ocrx_word' id='word_1_168' title='bbox 606 3472 642 3536; x_wconf 87' lang='lat' dir='ltr'><strong>et</strong></span> <span class='ocrx_word' id='word_1_169' title='bbox 670 3467 842 3556; x_wconf 85' lang='lat' dir='ltr'><strong>planitiem</strong></span> <span class='ocrx_word' id='word_1_170' title='bbox 867 3470 958 3540; x_wconf 88' lang='lat' dir='ltr'><strong>circa</strong></span> <span class='ocrx_word' id='word_1_171' title='bbox 972 3467 1148 3559; x_wconf 85' lang='lat' dir='ltr'><strong>Tripolim.</strong></span> <span class='ocrx_word' id='word_1_172' title='bbox 1184 3468 1231 3540; x_wconf 82' lang='lat' dir='ltr'><strong>Et</strong></span> <span class='ocrx_word' id='word_1_173' title='bbox 1254 3470 1350 3562; x_wconf 88' lang='lat' dir='ltr'><strong>plura</strong></span> 
     </span>
     <span class='ocr_line' id='line_1_23' title="bbox 325 3596 1349 3694; baseline 0.009 -29"><span class='ocrx_word' id='word_1_174' title='bbox 325 3596 401 3668; x_wconf 89' lang='lat' dir='ltr'><strong>loca</strong></span> <span class='ocrx_word' id='word_1_175' title='bbox 433 3598 592 3687; x_wconf 79' lang='lat' dir='ltr'><strong>religiosa</strong></span> <span class='ocrx_word' id='word_1_176' title='bbox 621 3609 816 3673; x_wconf 88' lang='lat' dir='ltr'><strong>constructa</strong></span> <span class='ocrx_word' id='word_1_177' title='bbox 848 3611 927 3673; x_wconf 89' lang='lat' dir='ltr'><strong>sunt</strong></span> <span class='ocrx_word' id='word_1_178' title='bbox 962 3623 1065 3694; x_wconf 89' lang='lat' dir='ltr'><strong>super</strong></span> <span class='ocrx_word' id='word_1_179' title='bbox 1093 3603 1184 3674; x_wconf 87' lang='lat' dir='ltr'><strong>rivos</strong></span> <span class='ocrx_word' id='word_1_180' title='bbox 1212 3603 1286 3693; x_wconf 87' lang='lat' dir='ltr'><strong>ejus</strong></span> <span class='ocrx_word' id='word_1_181' title='bbox 1314 3614 1349 3674; x_wconf 86' lang='lat' dir='ltr'><strong>ct</strong></span> 
     </span>
     <span class='ocr_line' id='line_1_24' title="bbox 322 3731 1348 3828; baseline 0.006 -26"><span class='ocrx_word' id='word_1_182' title='bbox 322 3731 487 3803; x_wconf 84' lang='lat' dir='ltr'><strong>ecclesiae</strong></span> <span class='ocrx_word' id='word_1_183' title='bbox 516 3733 643 3805; x_wconf 82' lang='lat' dir='ltr'><strong>multae</strong></span> <span class='ocrx_word' id='word_1_184' title='bbox 672 3754 867 3820; x_wconf 74' lang='lat' dir='ltr'><strong>graecorum</strong></span> <span class='ocrx_word' id='word_1_185' title='bbox 899 3746 935 3807; x_wconf 90' lang='lat' dir='ltr'><strong>et</strong></span> <span class='ocrx_word' id='word_1_186' title='bbox 953 3757 1180 3808; x_wconf 85' lang='lat' dir='ltr'><strong>armenorum.</strong></span> <span class='ocrx_word' id='word_1_187' title='bbox 1219 3736 1266 3808; x_wconf 82' lang='lat' dir='ltr'><strong>Et</strong></span> <span class='ocrx_word' id='word_1_188' title='bbox 1285 3759 1348 3828; x_wconf 86' lang='lat' dir='ltr'><strong>pro</strong></span> 
     </span>
     <span class='ocr_line' id='line_1_25' title="bbox 327 3864 1347 3970; baseline 0.008 -35"><span class='ocrx_word' id='word_1_189' title='bbox 327 3873 420 3936; x_wconf 84' lang='lat' dir='ltr'><strong>certo</strong></span> <span class='ocrx_word' id='word_1_190' title='bbox 453 3864 496 3936; x_wconf 91' lang='lat' dir='ltr'><strong>de</strong></span> <span class='ocrx_word' id='word_1_191' title='bbox 532 3866 601 3938; x_wconf 84' lang='lat' dir='ltr'><strong>isto</strong></span> <span class='ocrx_word' id='word_1_192' title='bbox 641 3869 736 3938; x_wconf 83' lang='lat' dir='ltr'><strong>ioutc</strong></span> <span class='ocrx_word' id='word_1_193' title='bbox 771 3890 886 3942; x_wconf 79' lang='lat' dir='ltr'><strong>rerum</strong></span> <span class='ocrx_word' id='word_1_194' title='bbox 922 3879 989 3958; x_wconf 79' lang='lat' dir='ltr'><strong>est,</strong></span> <span class='ocrx_word' id='word_1_195' title='bbox 1030 3869 1123 3970; x_wconf 82' lang='lat' dir='ltr'><strong>quod</strong></span> <span class='ocrx_word' id='word_1_196' title='bbox 1158 3870 1281 3943; x_wconf 86' lang='lat' dir='ltr'><strong>dicitur</strong></span> <span class='ocrx_word' id='word_1_197' title='bbox 1314 3873 1347 3943; x_wconf 93' lang='lat' dir='ltr'><strong>iu</strong></span> 
     </span>
    </p>
   </div>
   <div class='ocr_carea' id='block_1_3' title="bbox 0 0 1688 4650">
    <p class='ocr_par' dir='ltr' id='par_1_3' title="bbox 0 0 1688 4650">
     <span class='ocr_line' id='line_1_26' title="bbox 0 0 1688 4650; baseline 0 3"><span class='ocrx_word' id='word_1_198' title='bbox 0 0 1688 4650; x_wconf 95' lang='lat' dir='ltr'><strong> </strong></span> 
     </span>
    </p>
   </div>
  </div>
 </body>
</html>
